<?xml version="1.0" encoding="UTF-8"?><srw:searchRetrieveResponse xmlns:srw="http://www.loc.gov/zing/srw/" xmlns="http://catalogue.bnf.fr/namespaces/InterXMarc" xmlns:ixm="http://catalogue.bnf.fr/namespaces/InterXMarc" xmlns:mn="http://catalogue.bnf.fr/namespaces/motsnotices" xmlns:sd="http://www.loc.gov/zing/srw/diagnostic/">
<srw:version>1.2</srw:version>
<srw:echoedSearchRetrieveRequest>
<srw:version>1.2</srw:version>
<srw:query>bib.anywhere all "julien gracq"</srw:query>
</srw:echoedSearchRetrieveRequest>
<srw:numberOfRecords>433</srw:numberOfRecords>
<srw:records>
<srw:record>
<srw:recordSchema>marcxchange</srw:recordSchema>
<srw:recordPacking>xml</srw:recordPacking>
<srw:recordData>
<mxc:record xmlns:mxc="info:lc/xmlns/marcxchange-v2" format="INTERMARC" id="ark:/12148/cb38493463r" type="Bibliographic">   <mxc:leader>00572n04c02200027   45is</mxc:leader>   <mxc:controlfield tag="001">FRBNF384934630000007</mxc:controlfield>   <mxc:controlfield tag="003">http://catalogue.bnf.fr/ark:/12148/cb38493463r</mxc:controlfield>   <mxc:controlfield tag="008">930913s 1990        .... ....xxzxx     b  007 </mxc:controlfield>   <mxc:controlfield tag="009">idd o     1 9 0000 z  </mxc:controlfield>   <mxc:controlfield tag="009">sa   z    1 i  zdz m</mxc:controlfield>   <mxc:datafield tag="051" ind1=" " ind2=" ">      <mxc:subfield code="a">sti</mxc:subfield>      <mxc:subfield code="b">c</mxc:subfield>   </mxc:datafield>   <mxc:datafield tag="100" ind1=" " ind2=" ">      <mxc:subfield code="3">12274958</mxc:subfield>      <mxc:subfield code="1">ISNI0000000035958463</mxc:subfield>      <mxc:subfield code="w"> 0 2b.....</mxc:subfield>      <mxc:subfield code="a">Patten</mxc:subfield>      <mxc:subfield code="m">Arturo</mxc:subfield>      <mxc:subfield code="d">1939-1999</mxc:subfield>      <mxc:subfield code="4">0530</mxc:subfield>   </mxc:datafield>   <mxc:datafield tag="245" ind1="1" ind2=" ">      <mxc:subfield code="a">[Julien Gracq]</mxc:subfield>      <mxc:subfield code="d">Image fixe numérisée</mxc:subfield>      <mxc:subfield code="f">Arturo Patten</mxc:subfield>   </mxc:datafield>   <mxc:datafield tag="260" ind1=" " ind2=" ">      <mxc:subfield code="a">[Paris]</mxc:subfield>      <mxc:subfield code="c">[Arturo Patten]</mxc:subfield>      <mxc:subfield code="d">1990</mxc:subfield>   </mxc:datafield>   <mxc:datafield tag="280" ind1=" " ind2=" ">      <mxc:subfield code="a">7 photogr. pos. </mxc:subfield>      <mxc:subfield code="c">n. et b. </mxc:subfield>      <mxc:subfield code="d">18 x 24 cm</mxc:subfield>   </mxc:datafield>   <mxc:datafield tag="285" ind1=" " ind2=" ">      <mxc:subfield code="f">Photographie positive</mxc:subfield>   </mxc:datafield>   <mxc:datafield tag="300" ind1=" " ind2=" ">      <mxc:subfield code="a">Acq. : Patten, Arturo</mxc:subfield>   </mxc:datafield>   <mxc:datafield tag="314" ind1="3" ind2=" ">      <mxc:subfield code="d">19900000</mxc:subfield>   </mxc:datafield>   <mxc:datafield tag="619" ind1=" " ind2="0">      <mxc:subfield code="1">frBN000839753</mxc:subfield>      <mxc:subfield code="a">Gracq, Julien (1910-....)</mxc:subfield>      <mxc:subfield code="1">frBN001538315</mxc:subfield>      <mxc:subfield code="x">Portraits</mxc:subfield>   </mxc:datafield>   <mxc:datafield tag="690" ind1=" " ind2=" ">      <mxc:subfield code="a">ANL245</mxc:subfield>   </mxc:datafield>   <mxc:datafield tag="730" ind1=" " ind2=" ">      <mxc:subfield code="3">12274958</mxc:subfield>      <mxc:subfield code="1">ISNI0000000035958463</mxc:subfield>   </mxc:datafield>   <mxc:datafield tag="917" ind1=" " ind2=" ">      <mxc:subfield code="o">OPC</mxc:subfield>      <mxc:subfield code="a">004084770</mxc:subfield>   </mxc:datafield>
</mxc:record>      </srw:recordData>
<srw:recordIdentifier>ark:/12148/cb38493463r</srw:recordIdentifier>
<srw:recordPosition>1</srw:recordPosition>
<srw:extraRecordData>
<ixm:attr name="CreationDate">19930913</ixm:attr>
<ixm:attr name="LastModificationDate">20260413</ixm:attr>
<mn:score>14.002933</mn:score>
</srw:extraRecordData>
</srw:record>