
<srw:record>
<srw:recordSchema>marcxchange</srw:recordSchema>
<srw:recordPacking>xml</srw:recordPacking>
<srw:recordData>
<mxc:record xmlns:mxc="info:lc/xmlns/marcxchange-v2" format="INTERMARC" id="ark:/12148/cb38503127c" type="Bibliographic">   <mxc:leader>01385n0 m 2200027   45g </mxc:leader>   <mxc:controlfield tag="001">FRBNF385031270000004</mxc:controlfield>   <mxc:controlfield tag="003">http://catalogue.bnf.fr/ark:/12148/cb38503127c</mxc:controlfield>   <mxc:controlfield tag="008">960419s 1977 ....rs 1996 ....frfre     b  003 </mxc:controlfield>   <mxc:controlfield tag="009">ge  x     1   cz </mxc:controlfield>   <mxc:datafield tag="051" ind1=" " ind2=" ">      <mxc:subfield code="a">prm</mxc:subfield>      <mxc:subfield code="b">s</mxc:subfield>   </mxc:datafield>   <mxc:datafield tag="100" ind1=" " ind2=" ">      <mxc:subfield code="3">12340026</mxc:subfield>      <mxc:subfield code="1">ISNI0000000081032688</mxc:subfield>      <mxc:subfield code="w"> 0 2b.....</mxc:subfield>      <mxc:subfield code="a">Daive</mxc:subfield>      <mxc:subfield code="m">Jean</mxc:subfield>      <mxc:subfield code="d">1941-....</mxc:subfield>      <mxc:subfield code="4">0570</mxc:subfield>   </mxc:datafield>   <mxc:datafield tag="245" ind1="1" ind2=" ">      <mxc:subfield code="a">Entretiens avec Julien Gracq</mxc:subfield>      <mxc:subfield code="d">Enregistrement sonore</mxc:subfield>      <mxc:subfield code="t">2 h 22 mn 48 s</mxc:subfield>      <mxc:subfield code="f">Jean Daive, prod., intervieweur</mxc:subfield>      <mxc:subfield code="g">Julien Gracq, participant</mxc:subfield>   </mxc:datafield>   <mxc:datafield tag="260" ind1=" " ind2=" ">      <mxc:subfield code="a">[Paris]</mxc:subfield>      <mxc:subfield code="c">[prod. France Culture]</mxc:subfield>      <mxc:subfield code="d">[prod. 1977]</mxc:subfield>      <mxc:subfield code="a">[Bry-sur-Marne]</mxc:subfield>      <mxc:subfield code="c">[distrib. INA]</mxc:subfield>      <mxc:subfield code="d">[distrib. 1996]</mxc:subfield>   </mxc:datafield>   <mxc:datafield tag="280" ind1=" " ind2=" ">      <mxc:subfield code="a">3 d. c. (56 mn 56 s, 58 mn 52 s, 27 mn)</mxc:subfield>   </mxc:datafield>   <mxc:datafield tag="300" ind1=" " ind2=" ">      <mxc:subfield code="a">Ces entretiens sont composés de 5 parties diffusées entre le 28 mars et le 1er avril 1977</mxc:subfield>   </mxc:datafield>   <mxc:datafield tag="300" ind1=" " ind2=" ">      <mxc:subfield code="a">Volume 1 :</mxc:subfield>   </mxc:datafield>   <mxc:datafield tag="300" ind1=" " ind2=" ">      <mxc:subfield code="a">Plage 1 : 1er entretien</mxc:subfield>   </mxc:datafield>   <mxc:datafield tag="300" ind1=" " ind2=" ">      <mxc:subfield code="a">Plage 2 : 2ème entretien</mxc:subfield>   </mxc:datafield>   <mxc:datafield tag="300" ind1=" " ind2=" ">      <mxc:subfield code="a">Volume 2 :</mxc:subfield>   </mxc:datafield>   <mxc:datafield tag="300" ind1=" " ind2=" ">      <mxc:subfield code="a">Plage 1 : 3ème entretien</mxc:subfield>   </mxc:datafield>   <mxc:datafield tag="300" ind1=" " ind2=" ">      <mxc:subfield code="a">Plage 2 : 4ème entretien</mxc:subfield>   </mxc:datafield>   <mxc:datafield tag="300" ind1=" " ind2=" ">      <mxc:subfield code="a">Volume 3 :</mxc:subfield>   </mxc:datafield>   <mxc:datafield tag="300" ind1=" " ind2=" ">      <mxc:subfield code="a">Plage 1 : 5ème entretien</mxc:subfield>   </mxc:datafield>   <mxc:datafield tag="300" ind1=" " ind2=" ">      <mxc:subfield code="a">Acq. : Institut National de l'Audiovisuel, L'</mxc:subfield>   </mxc:datafield>   <mxc:datafield tag="352" ind1=" " ind2="4">      <mxc:subfield code="a">Paris : prod. France-Culture</mxc:subfield>   </mxc:datafield>   <mxc:datafield tag="316" ind1=" " ind2=" ">      <mxc:subfield code="p">France</mxc:subfield>      <mxc:subfield code="c">France Culture</mxc:subfield>      <mxc:subfield code="d">19770000</mxc:subfield>   </mxc:datafield>   <mxc:datafield tag="619" ind1=" " ind2="0">      <mxc:subfield code="1">frBN000839753</mxc:subfield>      <mxc:subfield code="a">Gracq, Julien (1910-....)</mxc:subfield>      <mxc:subfield code="1">frBN001529729</mxc:subfield>      <mxc:subfield code="x">Entretiens</mxc:subfield>   </mxc:datafield>   <mxc:datafield tag="619" ind1=" " ind2="0">      <mxc:subfield code="1">frBN000839753</mxc:subfield>      <mxc:subfield code="a">Gracq, Julien (1910-....)</mxc:subfield>      <mxc:subfield code="1">frBN3415400</mxc:subfield>      <mxc:subfield code="x">Critique et interprétation</mxc:subfield>   </mxc:datafield>   <mxc:datafield tag="630" ind1=" " ind2=" ">      <mxc:subfield code="a">129</mxc:subfield>   </mxc:datafield>   <mxc:datafield tag="645" ind1="1" ind2=" ">      <mxc:subfield code="d">1419</mxc:subfield>   </mxc:datafield>   <mxc:datafield tag="700" ind1=" " ind2=" ">      <mxc:subfield code="3">12340026</mxc:subfield>      <mxc:subfield code="1">ISNI0000000081032688</mxc:subfield>      <mxc:subfield code="w"> 0 2b.....</mxc:subfield>      <mxc:subfield code="a">Daive</mxc:subfield>      <mxc:subfield code="m">Jean</mxc:subfield>      <mxc:subfield code="d">1941-....</mxc:subfield>      <mxc:subfield code="4">0450</mxc:subfield>   </mxc:datafield>   <mxc:datafield tag="703" ind1=" " ind2=" ">      <mxc:subfield code="3">11905630</mxc:subfield>      <mxc:subfield code="1">ISNI0000000121434842</mxc:subfield>      <mxc:subfield code="w">.0.2b.....</mxc:subfield>      <mxc:subfield code="a">Gracq</mxc:subfield>      <mxc:subfield code="m">Julien</mxc:subfield>      <mxc:subfield code="d">1910-2007</mxc:subfield>      <mxc:subfield code="4">0920</mxc:subfield>   </mxc:datafield>   <mxc:datafield tag="731" ind1=" " ind2=" ">      <mxc:subfield code="3">14067503</mxc:subfield>      <mxc:subfield code="1">ISNI0000000119548816</mxc:subfield>      <mxc:subfield code="w">20..b.....</mxc:subfield>      <mxc:subfield code="a">Institut national de l'audiovisuel</mxc:subfield>      <mxc:subfield code="c">France</mxc:subfield>      <mxc:subfield code="q">1974-1982</mxc:subfield>      <mxc:subfield code="4">3210</mxc:subfield>   </mxc:datafield>   <mxc:datafield tag="732" ind1=" " ind2=" ">      <mxc:subfield code="3">11878562</mxc:subfield>      <mxc:subfield code="w">20..b.....</mxc:subfield>      <mxc:subfield code="a">France-Culture</mxc:subfield>      <mxc:subfield code="4">3160</mxc:subfield>   </mxc:datafield>   <mxc:datafield tag="917" ind1=" " ind2=" ">      <mxc:subfield code="o">OPC</mxc:subfield>      <mxc:subfield code="a">004247040</mxc:subfield>   </mxc:datafield>
</mxc:record>      </srw:recordData>
<srw:recordIdentifier>ark:/12148/cb38503127c</srw:recordIdentifier>
<srw:recordPosition>3</srw:recordPosition>
<srw:extraRecordData>
<ixm:attr name="CreationDate">19960419</ixm:attr>
<ixm:attr name="LastModificationDate">20260414</ixm:attr>
<mn:score>13.676909</mn:score>
</srw:extraRecordData>
</srw:record>