
<srw:record>
<srw:recordSchema>marcxchange</srw:recordSchema>
<srw:recordPacking>xml</srw:recordPacking>
<srw:recordData>
<mxc:record xmlns:mxc="info:lc/xmlns/marcxchange-v2" format="INTERMARC" id="ark:/12148/cb38493944v" type="Bibliographic">   <mxc:leader>00757n04c02200027   45is</mxc:leader>   <mxc:controlfield tag="001">FRBNF384939440000009</mxc:controlfield>   <mxc:controlfield tag="003">http://catalogue.bnf.fr/ark:/12148/cb38493944v</mxc:controlfield>   <mxc:controlfield tag="008">931022m 1971 1972   .... ....xxzxx     b  004 </mxc:controlfield>   <mxc:controlfield tag="009">idd o     1 9 0000 z  </mxc:controlfield>   <mxc:controlfield tag="009">sa   z    1 i  zdz m</mxc:controlfield>   <mxc:datafield tag="051" ind1=" " ind2=" ">      <mxc:subfield code="a">sti</mxc:subfield>      <mxc:subfield code="b">c</mxc:subfield>   </mxc:datafield>   <mxc:datafield tag="100" ind1=" " ind2=" ">      <mxc:subfield code="3">12017331</mxc:subfield>      <mxc:subfield code="1">ISNI0000000109390146</mxc:subfield>      <mxc:subfield code="w"> 0  b.....</mxc:subfield>      <mxc:subfield code="a">Monier</mxc:subfield>      <mxc:subfield code="m">Louis</mxc:subfield>      <mxc:subfield code="d">1943-....</mxc:subfield>      <mxc:subfield code="4">0530</mxc:subfield>   </mxc:datafield>   <mxc:datafield tag="245" ind1="1" ind2=" ">      <mxc:subfield code="a">[Julien Gracq]</mxc:subfield>      <mxc:subfield code="d">Image fixe numérisée</mxc:subfield>      <mxc:subfield code="f">Louis Monier, photogr.</mxc:subfield>   </mxc:datafield>   <mxc:datafield tag="260" ind1=" " ind2=" ">      <mxc:subfield code="a">[Paris]</mxc:subfield>      <mxc:subfield code="c">[Louis Monier]</mxc:subfield>      <mxc:subfield code="d">[1971-1972]</mxc:subfield>   </mxc:datafield>   <mxc:datafield tag="280" ind1=" " ind2=" ">      <mxc:subfield code="a">4 photogr. pos. </mxc:subfield>      <mxc:subfield code="c">n. et b. </mxc:subfield>      <mxc:subfield code="d">13 x 18 cm</mxc:subfield>   </mxc:datafield>   <mxc:datafield tag="285" ind1=" " ind2=" ">      <mxc:subfield code="f">Photographie positive</mxc:subfield>   </mxc:datafield>   <mxc:datafield tag="300" ind1=" " ind2=" ">      <mxc:subfield code="a">Acq. : Monier, Louis, Agence</mxc:subfield>   </mxc:datafield>   <mxc:datafield tag="314" ind1="3" ind2=" ">      <mxc:subfield code="d">19710101</mxc:subfield>      <mxc:subfield code="d">19720101</mxc:subfield>   </mxc:datafield>   <mxc:datafield tag="619" ind1=" " ind2="0">      <mxc:subfield code="1">frBN000839753</mxc:subfield>      <mxc:subfield code="a">Gracq, Julien (1910-....)</mxc:subfield>      <mxc:subfield code="1">frBN001538315</mxc:subfield>      <mxc:subfield code="x">Portraits</mxc:subfield>   </mxc:datafield>   <mxc:datafield tag="619" ind1=" " ind2="0">      <mxc:subfield code="1">frBN000839753</mxc:subfield>      <mxc:subfield code="a">Gracq, Julien (1910-....)</mxc:subfield>      <mxc:subfield code="1">frBN002120767</mxc:subfield>      <mxc:subfield code="x">Résidences et lieux familiers</mxc:subfield>   </mxc:datafield>   <mxc:datafield tag="630" ind1=" " ind2=" ">      <mxc:subfield code="a">129</mxc:subfield>   </mxc:datafield>   <mxc:datafield tag="690" ind1=" " ind2=" ">      <mxc:subfield code="a">ANL245</mxc:subfield>   </mxc:datafield>   <mxc:datafield tag="730" ind1=" " ind2=" ">      <mxc:subfield code="3">14067407</mxc:subfield>      <mxc:subfield code="w">20  b     </mxc:subfield>      <mxc:subfield code="a">Louis Monier</mxc:subfield>      <mxc:subfield code="q">agence photographique</mxc:subfield>   </mxc:datafield>   <mxc:datafield tag="917" ind1=" " ind2=" ">      <mxc:subfield code="o">OPC</mxc:subfield>      <mxc:subfield code="a">004089580</mxc:subfield>   </mxc:datafield>
</mxc:record>      </srw:recordData>
<srw:recordIdentifier>ark:/12148/cb38493944v</srw:recordIdentifier>
<srw:recordPosition>4</srw:recordPosition>
<srw:extraRecordData>
<ixm:attr name="CreationDate">19931022</ixm:attr>
<ixm:attr name="LastModificationDate">20260413</ixm:attr>
<mn:score>13.635698</mn:score>
</srw:extraRecordData>
</srw:record>