
<srw:record>
<srw:recordSchema>marcxchange</srw:recordSchema>
<srw:recordPacking>xml</srw:recordPacking>
<srw:recordData>
<mxc:record xmlns:mxc="info:lc/xmlns/marcxchange-v2" format="INTERMARC" id="ark:/12148/cb384928101" type="Bibliographic">   <mxc:leader>00672n04c02200027   45is</mxc:leader>   <mxc:controlfield tag="001">FRBNF384928100000000</mxc:controlfield>   <mxc:controlfield tag="003">http://catalogue.bnf.fr/ark:/12148/cb384928101</mxc:controlfield>   <mxc:controlfield tag="008">930818s 1951        .... ....frzxx     b  003 </mxc:controlfield>   <mxc:controlfield tag="009">idd o     1 9 0000 z  </mxc:controlfield>   <mxc:controlfield tag="009">sa   z    1 i  zdz m</mxc:controlfield>   <mxc:datafield tag="051" ind1=" " ind2=" ">      <mxc:subfield code="a">sti</mxc:subfield>      <mxc:subfield code="b">c</mxc:subfield>   </mxc:datafield>   <mxc:datafield tag="110" ind1=" " ind2=" ">      <mxc:subfield code="3">14067401</mxc:subfield>      <mxc:subfield code="w">20  b     </mxc:subfield>      <mxc:subfield code="a">Universal photo</mxc:subfield>      <mxc:subfield code="4">0530</mxc:subfield>   </mxc:datafield>   <mxc:datafield tag="245" ind1="1" ind2=" ">      <mxc:subfield code="a">[Julien Gracq]</mxc:subfield>      <mxc:subfield code="d">Image fixe numérisée</mxc:subfield>      <mxc:subfield code="f">[Universal Photo], agence photographique</mxc:subfield>   </mxc:datafield>   <mxc:datafield tag="260" ind1=" " ind2=" ">      <mxc:subfield code="a">[Paris]</mxc:subfield>      <mxc:subfield code="c">[Universal Photo]</mxc:subfield>      <mxc:subfield code="d">1951</mxc:subfield>   </mxc:datafield>   <mxc:datafield tag="280" ind1=" " ind2=" ">      <mxc:subfield code="a">3 photogr. nég. </mxc:subfield>      <mxc:subfield code="c">n. et b. </mxc:subfield>      <mxc:subfield code="d">9 x 12 cm</mxc:subfield>   </mxc:datafield>   <mxc:datafield tag="285" ind1=" " ind2=" ">      <mxc:subfield code="f">Photographie négative</mxc:subfield>   </mxc:datafield>   <mxc:datafield tag="300" ind1=" " ind2=" ">      <mxc:subfield code="a">Acq. : Universal Photo</mxc:subfield>   </mxc:datafield>   <mxc:datafield tag="314" ind1="3" ind2=" ">      <mxc:subfield code="d">19510000</mxc:subfield>   </mxc:datafield>   <mxc:datafield tag="606" ind1=" " ind2=" ">      <mxc:subfield code="3">12062858</mxc:subfield>      <mxc:subfield code="a">Prix Goncourt</mxc:subfield>   </mxc:datafield>   <mxc:datafield tag="619" ind1=" " ind2="0">      <mxc:subfield code="1">frBN000839753</mxc:subfield>      <mxc:subfield code="a">Gracq, Julien (1910-....)</mxc:subfield>      <mxc:subfield code="1">frBN002050831</mxc:subfield>      <mxc:subfield code="x">Prix et récompenses</mxc:subfield>   </mxc:datafield>   <mxc:datafield tag="630" ind1=" " ind2=" ">      <mxc:subfield code="a">129</mxc:subfield>   </mxc:datafield>   <mxc:datafield tag="690" ind1=" " ind2=" ">      <mxc:subfield code="a">ANL245</mxc:subfield>   </mxc:datafield>   <mxc:datafield tag="730" ind1=" " ind2=" ">      <mxc:subfield code="3">14067401</mxc:subfield>      <mxc:subfield code="w">20  b     </mxc:subfield>      <mxc:subfield code="a">Universal photo</mxc:subfield>   </mxc:datafield>   <mxc:datafield tag="917" ind1=" " ind2=" ">      <mxc:subfield code="o">OPC</mxc:subfield>      <mxc:subfield code="a">004078240</mxc:subfield>   </mxc:datafield>
</mxc:record>      </srw:recordData>
<srw:recordIdentifier>ark:/12148/cb384928101</srw:recordIdentifier>
<srw:recordPosition>5</srw:recordPosition>
<srw:extraRecordData>
<ixm:attr name="CreationDate">19930818</ixm:attr>
<ixm:attr name="LastModificationDate">20260413</ixm:attr>
<mn:score>13.512777</mn:score>
</srw:extraRecordData>
</srw:record>