
<srw:record>
<srw:recordSchema>marcxchange</srw:recordSchema>
<srw:recordPacking>xml</srw:recordPacking>
<srw:recordData>
<mxc:record xmlns:mxc="info:lc/xmlns/marcxchange-v2" format="INTERMARC" id="ark:/12148/cb46880935g" type="Bibliographic">   <mxc:leader>01079c0 m 2200027   45a </mxc:leader>   <mxc:controlfield tag="001">FRBNF468809350000000</mxc:controlfield>   <mxc:controlfield tag="003">http://catalogue.bnf.fr/ark:/12148/cb46880935g</mxc:controlfield>   <mxc:controlfield tag="008">210930s 2021                 frfre     b  001 </mxc:controlfield>   <mxc:controlfield tag="009">a  d               </mxc:controlfield>   <mxc:datafield tag="015" ind1=" " ind2=" ">      <mxc:subfield code="a">02166464</mxc:subfield>      <mxc:subfield code="d">20211125</mxc:subfield>      <mxc:subfield code="n">23/2021</mxc:subfield>   </mxc:datafield>   <mxc:datafield tag="020" ind1=" " ind2=" ">      <mxc:subfield code="a">978-2-406-12116-9</mxc:subfield>      <mxc:subfield code="b">br.</mxc:subfield>      <mxc:subfield code="d">38 EUR</mxc:subfield>   </mxc:datafield>   <mxc:datafield tag="038" ind1=" " ind2=" ">      <mxc:subfield code="a">9782406121169</mxc:subfield>   </mxc:datafield>   <mxc:datafield tag="051" ind1=" " ind2=" ">      <mxc:subfield code="a">txt</mxc:subfield>      <mxc:subfield code="b">n</mxc:subfield>   </mxc:datafield>   <mxc:datafield tag="245" ind1="1" ind2=" ">      <mxc:subfield code="a">Julien Gracq et la guerre</mxc:subfield>      <mxc:subfield code="d">Texte imprimé</mxc:subfield>      <mxc:subfield code="f">sous la direction de Patrick Marot</mxc:subfield>   </mxc:datafield>   <mxc:datafield tag="260" ind1=" " ind2="1">      <mxc:subfield code="a">Paris</mxc:subfield>      <mxc:subfield code="c">Lettres modernes Minard</mxc:subfield>      <mxc:subfield code="d">2021</mxc:subfield>   </mxc:datafield>   <mxc:datafield tag="270" ind1=" " ind2=" ">      <mxc:subfield code="a">14-Condé-en-Normandie</mxc:subfield>      <mxc:subfield code="c">Impr. Corlet</mxc:subfield>   </mxc:datafield>   <mxc:datafield tag="280" ind1=" " ind2=" ">      <mxc:subfield code="a">1 vol. (492 p.)</mxc:subfield>      <mxc:subfield code="d">22 cm</mxc:subfield>   </mxc:datafield>   <mxc:datafield tag="290" ind1="1" ind2=" ">      <mxc:subfield code="a">Julien Gracq</mxc:subfield>      <mxc:subfield code="v">9</mxc:subfield>   </mxc:datafield>   <mxc:datafield tag="295" ind1="1" ind2=" ">      <mxc:subfield code="a">La revue des lettres modernes</mxc:subfield>      <mxc:subfield code="i">Julien Gracq</mxc:subfield>      <mxc:subfield code="v">9</mxc:subfield>   </mxc:datafield>   <mxc:datafield tag="300" ind1=" " ind2=" ">      <mxc:subfield code="a">Résumés en français et en anglais en fin de vol.</mxc:subfield>      <mxc:subfield code="a">Index</mxc:subfield>      <mxc:subfield code="a">En appendice, bibliogr. chonologique des publications et des prestations audiovisuelles de Julien Gracq</mxc:subfield>   </mxc:datafield>   <mxc:datafield tag="410" ind1=" " ind2=" ">      <mxc:subfield code="3">47676604</mxc:subfield>      <mxc:subfield code="t">La Revue des lettres modernes. Julien Gracq</mxc:subfield>      <mxc:subfield code="x">1161-2096</mxc:subfield>      <mxc:subfield code="v">9</mxc:subfield>   </mxc:datafield>   <mxc:datafield tag="410" ind1=" " ind2=" ">      <mxc:subfield code="3">40951980</mxc:subfield>      <mxc:subfield code="t">La Revue des lettres modernes</mxc:subfield>      <mxc:subfield code="x">0035-2136</mxc:subfield>      <mxc:subfield code="d">2021</mxc:subfield>   </mxc:datafield>   <mxc:datafield tag="460" ind1=" " ind2=" ">      <mxc:subfield code="3">34336224</mxc:subfield>      <mxc:subfield code="t">Julien Gracq</mxc:subfield>      <mxc:subfield code="v">9</mxc:subfield>   </mxc:datafield>   <mxc:datafield tag="600" ind1=" " ind2=" ">      <mxc:subfield code="3">11905630</mxc:subfield>      <mxc:subfield code="a">Gracq</mxc:subfield>      <mxc:subfield code="m">Julien</mxc:subfield>      <mxc:subfield code="d">1910-2007</mxc:subfield>      <mxc:subfield code="3">13318436</mxc:subfield>      <mxc:subfield code="x">Guerre</mxc:subfield>   </mxc:datafield>   <mxc:datafield tag="676" ind1=" " ind2=" ">      <mxc:subfield code="3">13590553</mxc:subfield>      <mxc:subfield code="i">843.91</mxc:subfield>      <mxc:subfield code="g">critique</mxc:subfield>      <mxc:subfield code="v">23</mxc:subfield>      <mxc:subfield code="a">Roman de langue française - 1900-1999 [critique]</mxc:subfield>   </mxc:datafield>   <mxc:datafield tag="680" ind1="0" ind2=" ">      <mxc:subfield code="a">800</mxc:subfield>      <mxc:subfield code="b">800</mxc:subfield>   </mxc:datafield>   <mxc:datafield tag="700" ind1=" " ind2=" ">      <mxc:subfield code="3">12333755</mxc:subfield>      <mxc:subfield code="1">ISNI0000000108705142</mxc:subfield>      <mxc:subfield code="w">.0..b.....</mxc:subfield>      <mxc:subfield code="a">Marot</mxc:subfield>      <mxc:subfield code="m">Patrick</mxc:subfield>      <mxc:subfield code="d">1955-....</mxc:subfield>      <mxc:subfield code="4">0330</mxc:subfield>   </mxc:datafield>
</mxc:record>      </srw:recordData>
<srw:recordIdentifier>ark:/12148/cb46880935g</srw:recordIdentifier>
<srw:recordPosition>9</srw:recordPosition>
<srw:extraRecordData>
<ixm:attr name="CreationDate">20210930</ixm:attr>
<ixm:attr name="LastModificationDate">20250606</ixm:attr>
<mn:score>13.27305</mn:score>
</srw:extraRecordData>
</srw:record>