
<srw:record>
<srw:recordSchema>marcxchange</srw:recordSchema>
<srw:recordPacking>xml</srw:recordPacking>
<srw:recordData>
<mxc:record xmlns:mxc="info:lc/xmlns/marcxchange-v2" format="INTERMARC" id="ark:/12148/cb411315392" type="Bibliographic">   <mxc:leader>01296c0 m 22000271  45g </mxc:leader>   <mxc:controlfield tag="001">FRBNF411315390000006</mxc:controlfield>   <mxc:controlfield tag="003">http://catalogue.bnf.fr/ark:/12148/cb411315392</mxc:controlfield>   <mxc:controlfield tag="008">071012s 2007                 frfre     b  002 </mxc:controlfield>   <mxc:controlfield tag="009">ge  p     1  acc </mxc:controlfield>   <mxc:datafield tag="015" ind1=" " ind2=" ">      <mxc:subfield code="a">70722541</mxc:subfield>      <mxc:subfield code="d">20070101</mxc:subfield>   </mxc:datafield>   <mxc:datafield tag="028" ind1=" " ind2=" ">      <mxc:subfield code="e">Radio France</mxc:subfield>      <mxc:subfield code="a">211873</mxc:subfield>      <mxc:subfield code="c">coffret</mxc:subfield>   </mxc:datafield>   <mxc:datafield tag="038" ind1=" " ind2=" ">      <mxc:subfield code="a">3415822118739</mxc:subfield>   </mxc:datafield>   <mxc:datafield tag="044" ind1=" " ind2=" ">      <mxc:subfield code="g">b20071012</mxc:subfield>      <mxc:subfield code="f">c2006</mxc:subfield>   </mxc:datafield>   <mxc:datafield tag="050" ind1=" " ind2=" ">      <mxc:subfield code="a">g03</mxc:subfield>   </mxc:datafield>   <mxc:datafield tag="051" ind1=" " ind2=" ">      <mxc:subfield code="a">spw</mxc:subfield>      <mxc:subfield code="b">s</mxc:subfield>   </mxc:datafield>   <mxc:datafield tag="100" ind1=" " ind2=" ">      <mxc:subfield code="3">14062371</mxc:subfield>      <mxc:subfield code="w"> 0  b     </mxc:subfield>      <mxc:subfield code="a">Paget</mxc:subfield>      <mxc:subfield code="m">Jean</mxc:subfield>      <mxc:subfield code="4">0450</mxc:subfield>   </mxc:datafield>   <mxc:datafield tag="143" ind1=" " ind2=" ">      <mxc:subfield code="a">Entretien</mxc:subfield>      <mxc:subfield code="e">Gracq</mxc:subfield>      <mxc:subfield code="f">Julien</mxc:subfield>      <mxc:subfield code="j">1969</mxc:subfield>      <mxc:subfield code="j">1977</mxc:subfield>   </mxc:datafield>   <mxc:datafield tag="245" ind1="1" ind2=" ">      <mxc:subfield code="a">Les préférences de Julien Gracq</mxc:subfield>      <mxc:subfield code="d">Enregistrement sonore</mxc:subfield>      <mxc:subfield code="f">entretiens avec Jean Paget et Jean Daive</mxc:subfield>      <mxc:subfield code="g">Julien Gracq, participant</mxc:subfield>      <mxc:subfield code="j">Julien Gracq, voix</mxc:subfield>   </mxc:datafield>   <mxc:datafield tag="260" ind1=" " ind2=" ">      <mxc:subfield code="a">Paris</mxc:subfield>      <mxc:subfield code="c">Radio France</mxc:subfield>      <mxc:subfield code="a">[Arles (Bouches-du-Rhône)]</mxc:subfield>      <mxc:subfield code="c">distrib. Harmonia mundi distribution</mxc:subfield>      <mxc:subfield code="d">[DL 2007]</mxc:subfield>   </mxc:datafield>   <mxc:datafield tag="280" ind1=" " ind2=" ">      <mxc:subfield code="a">2 disques compacts (1 h 16 min 47 s, 1 h 17 min 03 s)</mxc:subfield>      <mxc:subfield code="c">ADD</mxc:subfield>      <mxc:subfield code="e">1 brochure</mxc:subfield>   </mxc:datafield>   <mxc:datafield tag="295" ind1="1" ind2=" ">      <mxc:subfield code="a">Les grandes heures</mxc:subfield>   </mxc:datafield>   <mxc:datafield tag="314" ind1="2" ind2=" ">      <mxc:subfield code="p">fr</mxc:subfield>      <mxc:subfield code="d">19690000</mxc:subfield>      <mxc:subfield code="d">19770000</mxc:subfield>   </mxc:datafield>   <mxc:datafield tag="352" ind1=" " ind2=" ">      <mxc:subfield code="a">Prod. : Paris : Radio France, P 2006</mxc:subfield>   </mxc:datafield>   <mxc:datafield tag="352" ind1=" " ind2="4">      <mxc:subfield code="a">Prod. : Paris : Radio France, P 2006</mxc:subfield>   </mxc:datafield>   <mxc:datafield tag="410" ind1=" " ind2=" ">      <mxc:subfield code="3">39940243</mxc:subfield>      <mxc:subfield code="t">Les Grandes heures</mxc:subfield>      <mxc:subfield code="x">1768-9236</mxc:subfield>      <mxc:subfield code="d">2006</mxc:subfield>   </mxc:datafield>   <mxc:datafield tag="600" ind1=" " ind2=" ">      <mxc:subfield code="3">11905630</mxc:subfield>      <mxc:subfield code="a">Gracq</mxc:subfield>      <mxc:subfield code="m">Julien</mxc:subfield>      <mxc:subfield code="d">1910-2007</mxc:subfield>   </mxc:datafield>   <mxc:datafield tag="640" ind1="1" ind2=" ">      <mxc:subfield code="b">10300</mxc:subfield>   </mxc:datafield>   <mxc:datafield tag="645" ind1="1" ind2=" ">      <mxc:subfield code="a">1107</mxc:subfield>      <mxc:subfield code="b">1204</mxc:subfield>      <mxc:subfield code="d">1419</mxc:subfield>   </mxc:datafield>   <mxc:datafield tag="676" ind1=" " ind2=" ">      <mxc:subfield code="3">13590553</mxc:subfield>      <mxc:subfield code="i">843.91</mxc:subfield>      <mxc:subfield code="g">critique</mxc:subfield>      <mxc:subfield code="v">23</mxc:subfield>      <mxc:subfield code="a">Roman de langue française - 1900-1999 [critique]</mxc:subfield>   </mxc:datafield>   <mxc:datafield tag="680" ind1="7" ind2=" ">      <mxc:subfield code="a">109</mxc:subfield>      <mxc:subfield code="g">109</mxc:subfield>   </mxc:datafield>   <mxc:datafield tag="700" ind1=" " ind2=" ">      <mxc:subfield code="3">12340026</mxc:subfield>      <mxc:subfield code="1">ISNI0000000081032688</mxc:subfield>      <mxc:subfield code="w"> 0 2b.....</mxc:subfield>      <mxc:subfield code="a">Daive</mxc:subfield>      <mxc:subfield code="m">Jean</mxc:subfield>      <mxc:subfield code="d">1941-....</mxc:subfield>      <mxc:subfield code="4">0450</mxc:subfield>   </mxc:datafield>   <mxc:datafield tag="701" ind1=" " ind2=" ">      <mxc:subfield code="3">11905630</mxc:subfield>      <mxc:subfield code="1">ISNI0000000121434842</mxc:subfield>      <mxc:subfield code="w">.0.2b.....</mxc:subfield>      <mxc:subfield code="a">Gracq</mxc:subfield>      <mxc:subfield code="m">Julien</mxc:subfield>      <mxc:subfield code="d">1910-2007</mxc:subfield>      <mxc:subfield code="4">1110</mxc:subfield>   </mxc:datafield>   <mxc:datafield tag="703" ind1=" " ind2=" ">      <mxc:subfield code="3">11905630</mxc:subfield>      <mxc:subfield code="1">ISNI0000000121434842</mxc:subfield>      <mxc:subfield code="w">.0.2b.....</mxc:subfield>      <mxc:subfield code="a">Gracq</mxc:subfield>      <mxc:subfield code="m">Julien</mxc:subfield>      <mxc:subfield code="d">1910-2007</mxc:subfield>      <mxc:subfield code="4">0920</mxc:subfield>   </mxc:datafield>   <mxc:datafield tag="723" ind1=" " ind2=" ">      <mxc:subfield code="3">13980072</mxc:subfield>      <mxc:subfield code="w">    b     </mxc:subfield>      <mxc:subfield code="a">Compacts Radio France-INA</mxc:subfield>   </mxc:datafield>
</mxc:record>      </srw:recordData>
<srw:recordIdentifier>ark:/12148/cb411315392</srw:recordIdentifier>
<srw:recordPosition>10</srw:recordPosition>
<srw:extraRecordData>
<ixm:attr name="CreationDate">20071012</ixm:attr>
<ixm:attr name="LastModificationDate">20260414</ixm:attr>
<mn:score>13.2326355</mn:score>
</srw:extraRecordData>
</srw:record>