
<srw:record>
<srw:recordSchema>marcxchange</srw:recordSchema>
<srw:recordPacking>xml</srw:recordPacking>
<srw:recordData>
<mxc:record xmlns:mxc="info:lc/xmlns/marcxchange-v2" format="INTERMARC" id="ark:/12148/cb38329848s" type="Bibliographic">   <mxc:leader>00879n0 m 2200027   45g </mxc:leader>   <mxc:controlfield tag="001">FRBNF383298480000001</mxc:controlfield>   <mxc:controlfield tag="003">http://catalogue.bnf.fr/ark:/12148/cb38329848s</mxc:controlfield>   <mxc:controlfield tag="008">960419s 1996 ....rs 1977 ....frfre     b  001 </mxc:controlfield>   <mxc:controlfield tag="009">ge  p     1   cz </mxc:controlfield>   <mxc:datafield tag="027" ind1="1" ind2="1">      <mxc:subfield code="m">929122212432</mxc:subfield>      <mxc:subfield code="m">415220210963</mxc:subfield>      <mxc:subfield code="e">numéro de fabrication</mxc:subfield>   </mxc:datafield>   <mxc:datafield tag="048" ind1="0" ind2=" ">      <mxc:subfield code="a">vu  </mxc:subfield>   </mxc:datafield>   <mxc:datafield tag="051" ind1=" " ind2=" ">      <mxc:subfield code="a">spw</mxc:subfield>      <mxc:subfield code="b">s</mxc:subfield>   </mxc:datafield>   <mxc:datafield tag="100" ind1=" " ind2=" ">      <mxc:subfield code="3">14018729</mxc:subfield>      <mxc:subfield code="1">ISNI0000000066542858</mxc:subfield>      <mxc:subfield code="w"> 0  b     </mxc:subfield>      <mxc:subfield code="a">Desalle</mxc:subfield>      <mxc:subfield code="m">Aline</mxc:subfield>      <mxc:subfield code="4">0450</mxc:subfield>   </mxc:datafield>   <mxc:datafield tag="143" ind1=" " ind2=" ">      <mxc:subfield code="a">Entretien</mxc:subfield>      <mxc:subfield code="e">Gracq</mxc:subfield>      <mxc:subfield code="f">Julien</mxc:subfield>   </mxc:datafield>   <mxc:datafield tag="245" ind1="1" ind2=" ">      <mxc:subfield code="a">Ce qui pour moi a compté</mxc:subfield>      <mxc:subfield code="d">Enregistrement sonore</mxc:subfield>      <mxc:subfield code="f">Aline Desalle, interview. </mxc:subfield>      <mxc:subfield code="g">Julien Gracq, Aline Desalle, participants</mxc:subfield>   </mxc:datafield>   <mxc:datafield tag="250" ind1=" " ind2=" ">      <mxc:subfield code="a">Reproduction numérisée</mxc:subfield>   </mxc:datafield>   <mxc:datafield tag="260" ind1=" " ind2=" ">      <mxc:subfield code="d">1996</mxc:subfield>   </mxc:datafield>   <mxc:datafield tag="280" ind1=" " ind2=" ">      <mxc:subfield code="a">1 disque compact enregistrable (15 min 52 s)</mxc:subfield>   </mxc:datafield>   <mxc:datafield tag="314" ind1="2" ind2=" ">      <mxc:subfield code="p">fr</mxc:subfield>      <mxc:subfield code="a">Paris</mxc:subfield>   </mxc:datafield>   <mxc:datafield tag="324" ind1=" " ind2="1">      <mxc:subfield code="k">Num. BnF du phonogramme</mxc:subfield>      <mxc:subfield code="b">Paris</mxc:subfield>      <mxc:subfield code="c">Réalisations sonores Hugues Desalle</mxc:subfield>      <mxc:subfield code="d">DL 1977</mxc:subfield>      <mxc:subfield code="e">Français de notre temps ; 120</mxc:subfield>      <mxc:subfield code="g">1 disque : 33 t ; 17 cm</mxc:subfield>      <mxc:subfield code="m">D</mxc:subfield>      <mxc:subfield code="n">120FT77</mxc:subfield>   </mxc:datafield>   <mxc:datafield tag="619" ind1=" " ind2=" ">      <mxc:subfield code="a">Gracq</mxc:subfield>      <mxc:subfield code="m">Julien</mxc:subfield>      <mxc:subfield code="d">1910-.... </mxc:subfield>      <mxc:subfield code="x">Entretiens</mxc:subfield>   </mxc:datafield>   <mxc:datafield tag="640" ind1="1" ind2=" ">      <mxc:subfield code="b">10300</mxc:subfield>   </mxc:datafield>   <mxc:datafield tag="645" ind1="1" ind2=" ">      <mxc:subfield code="d">1414</mxc:subfield>   </mxc:datafield>   <mxc:datafield tag="703" ind1=" " ind2=" ">      <mxc:subfield code="3">11905630</mxc:subfield>      <mxc:subfield code="1">ISNI0000000121434842</mxc:subfield>      <mxc:subfield code="w">.0.2b.....</mxc:subfield>      <mxc:subfield code="a">Gracq</mxc:subfield>      <mxc:subfield code="m">Julien</mxc:subfield>      <mxc:subfield code="d">1910-2007</mxc:subfield>      <mxc:subfield code="4">0920</mxc:subfield>   </mxc:datafield>   <mxc:datafield tag="703" ind1=" " ind2=" ">      <mxc:subfield code="3">14018729</mxc:subfield>      <mxc:subfield code="1">ISNI0000000066542858</mxc:subfield>      <mxc:subfield code="w"> 0  b     </mxc:subfield>      <mxc:subfield code="a">Desalle</mxc:subfield>      <mxc:subfield code="m">Aline</mxc:subfield>      <mxc:subfield code="4">0920</mxc:subfield>   </mxc:datafield>   <mxc:datafield tag="917" ind1=" " ind2=" ">      <mxc:subfield code="o">OPC</mxc:subfield>      <mxc:subfield code="a">002434960</mxc:subfield>   </mxc:datafield>
</mxc:record>      </srw:recordData>
<srw:recordIdentifier>ark:/12148/cb38329848s</srw:recordIdentifier>
<srw:recordPosition>12</srw:recordPosition>
<srw:extraRecordData>
<ixm:attr name="CreationDate">19960419</ixm:attr>
<ixm:attr name="LastModificationDate">20171109</ixm:attr>
<mn:score>13.033034</mn:score>
</srw:extraRecordData>
</srw:record>