
<srw:record>
<srw:recordSchema>marcxchange</srw:recordSchema>
<srw:recordPacking>xml</srw:recordPacking>
<srw:recordData>
<mxc:record xmlns:mxc="info:lc/xmlns/marcxchange-v2" format="INTERMARC" id="ark:/12148/cb35480713p" type="Bibliographic">   <mxc:leader>00864c0 m 2200027   45a </mxc:leader>   <mxc:controlfield tag="001">FRBNF354807130000009</mxc:controlfield>   <mxc:controlfield tag="003">http://catalogue.bnf.fr/ark:/12148/cb35480713p</mxc:controlfield>   <mxc:controlfield tag="008">911122s 1988        .... ....frfre     b  001 </mxc:controlfield>   <mxc:controlfield tag="009">ax d       a       </mxc:controlfield>   <mxc:datafield tag="015" ind1=" " ind2=" ">      <mxc:subfield code="a">09224540</mxc:subfield>   </mxc:datafield>   <mxc:datafield tag="020" ind1=" " ind2=" ">      <mxc:subfield code="a">2-905259-37-X</mxc:subfield>      <mxc:subfield code="b">rel.</mxc:subfield>      <mxc:subfield code="d">245 F</mxc:subfield>   </mxc:datafield>   <mxc:datafield tag="051" ind1=" " ind2=" ">      <mxc:subfield code="a">txt</mxc:subfield>      <mxc:subfield code="a">sti</mxc:subfield>      <mxc:subfield code="b">n</mxc:subfield>   </mxc:datafield>   <mxc:datafield tag="100" ind1=" " ind2=" ">      <mxc:subfield code="3">11897149</mxc:subfield>      <mxc:subfield code="1">ISNI0000000020450114</mxc:subfield>      <mxc:subfield code="w">.0..b.....</mxc:subfield>      <mxc:subfield code="a">Coelho</mxc:subfield>      <mxc:subfield code="m">Alain</mxc:subfield>      <mxc:subfield code="d">1953-....</mxc:subfield>      <mxc:subfield code="4">0070</mxc:subfield>   </mxc:datafield>   <mxc:datafield tag="245" ind1="1" ind2=" ">      <mxc:subfield code="a">Julien Gracq, écrivain</mxc:subfield>      <mxc:subfield code="d">Texte imprimé</mxc:subfield>      <mxc:subfield code="f">Alain Coelho, Franck Lhomeau, Jean-Louis Poitevin</mxc:subfield>   </mxc:datafield>   <mxc:datafield tag="260" ind1=" " ind2=" ">      <mxc:subfield code="a">Laval</mxc:subfield>      <mxc:subfield code="c">Siloé</mxc:subfield>      <mxc:subfield code="d">1988</mxc:subfield>   </mxc:datafield>   <mxc:datafield tag="280" ind1=" " ind2=" ">      <mxc:subfield code="a">155 p.</mxc:subfield>      <mxc:subfield code="c">ill.</mxc:subfield>      <mxc:subfield code="d">29 cm</mxc:subfield>   </mxc:datafield>   <mxc:datafield tag="295" ind1="1" ind2=" ">      <mxc:subfield code="a">Le temps singulier</mxc:subfield>   </mxc:datafield>   <mxc:datafield tag="300" ind1=" " ind2=" ">      <mxc:subfield code="a">Contient un choix de textes de J. Gracq ainsi qu'un dossier de presse</mxc:subfield>      <mxc:subfield code="a">Bibliogr. des oeuvres de J. Gracq, p. 150-155</mxc:subfield>   </mxc:datafield>   <mxc:datafield tag="410" ind1=" " ind2=" ">      <mxc:subfield code="3">34271127</mxc:subfield>      <mxc:subfield code="t">Le Temps singulier (Laval).</mxc:subfield>      <mxc:subfield code="d">1988</mxc:subfield>   </mxc:datafield>   <mxc:datafield tag="600" ind1=" " ind2=" ">      <mxc:subfield code="3">11905630</mxc:subfield>      <mxc:subfield code="a">Gracq</mxc:subfield>      <mxc:subfield code="m">Julien</mxc:subfield>      <mxc:subfield code="d">1910-2007</mxc:subfield>   </mxc:datafield>   <mxc:datafield tag="680" ind1="0" ind2=" ">      <mxc:subfield code="a">92 </mxc:subfield>   </mxc:datafield>   <mxc:datafield tag="681" ind1=" " ind2=" ">      <mxc:subfield code="i">LN 300</mxc:subfield>      <mxc:subfield code="a">Gracq</mxc:subfield>      <mxc:subfield code="m">Julien</mxc:subfield>      <mxc:subfield code="d">1910-....</mxc:subfield>   </mxc:datafield>   <mxc:datafield tag="681" ind1=" " ind2=" ">      <mxc:subfield code="i">LN 472</mxc:subfield>      <mxc:subfield code="z">1938-1988</mxc:subfield>   </mxc:datafield>   <mxc:datafield tag="700" ind1=" " ind2=" ">      <mxc:subfield code="3">12090105</mxc:subfield>      <mxc:subfield code="1">ISNI000000006643251X</mxc:subfield>      <mxc:subfield code="w">.0..b.....</mxc:subfield>      <mxc:subfield code="a">Lhomeau</mxc:subfield>      <mxc:subfield code="m">Franck</mxc:subfield>      <mxc:subfield code="4">0070</mxc:subfield>   </mxc:datafield>   <mxc:datafield tag="700" ind1=" " ind2=" ">      <mxc:subfield code="3">13092219</mxc:subfield>      <mxc:subfield code="1">ISNI0000000121374683</mxc:subfield>      <mxc:subfield code="w">.0..b.....</mxc:subfield>      <mxc:subfield code="a">Poitevin</mxc:subfield>      <mxc:subfield code="m">Jean-Louis</mxc:subfield>      <mxc:subfield code="d">1955-....</mxc:subfield>      <mxc:subfield code="4">0070</mxc:subfield>   </mxc:datafield>   <mxc:datafield tag="917" ind1=" " ind2=" ">      <mxc:subfield code="o">OPL</mxc:subfield>      <mxc:subfield code="a">013548445</mxc:subfield>   </mxc:datafield>
</mxc:record>      </srw:recordData>
<srw:recordIdentifier>ark:/12148/cb35480713p</srw:recordIdentifier>
<srw:recordPosition>15</srw:recordPosition>
<srw:extraRecordData>
<ixm:attr name="CreationDate">19911122</ixm:attr>
<ixm:attr name="LastModificationDate">19921008</ixm:attr>
<mn:score>12.939296</mn:score>
</srw:extraRecordData>
</srw:record>