
<srw:record>
<srw:recordSchema>marcxchange</srw:recordSchema>
<srw:recordPacking>xml</srw:recordPacking>
<srw:recordData>
<mxc:record xmlns:mxc="info:lc/xmlns/marcxchange-v2" format="INTERMARC" id="ark:/12148/cb383301942" type="Bibliographic">   <mxc:leader>01515n0 m 2200027   45g </mxc:leader>   <mxc:controlfield tag="001">FRBNF383301940000009</mxc:controlfield>   <mxc:controlfield tag="003">http://catalogue.bnf.fr/ark:/12148/cb383301942</mxc:controlfield>   <mxc:controlfield tag="008">960423s 1996 ....rs 1990 ....frfre     b  001 </mxc:controlfield>   <mxc:controlfield tag="009">ge  p     1   cz </mxc:controlfield>   <mxc:datafield tag="027" ind1="1" ind2="1">      <mxc:subfield code="m">929122216089</mxc:subfield>      <mxc:subfield code="m">929122216080</mxc:subfield>      <mxc:subfield code="m">415220211154</mxc:subfield>      <mxc:subfield code="m">415220211156</mxc:subfield>      <mxc:subfield code="e">numéro de fabrication</mxc:subfield>   </mxc:datafield>   <mxc:datafield tag="048" ind1="0" ind2=" ">      <mxc:subfield code="a">vu  </mxc:subfield>   </mxc:datafield>   <mxc:datafield tag="051" ind1=" " ind2=" ">      <mxc:subfield code="a">spw</mxc:subfield>      <mxc:subfield code="b">s</mxc:subfield>   </mxc:datafield>   <mxc:datafield tag="100" ind1=" " ind2=" ">      <mxc:subfield code="3">11928706</mxc:subfield>      <mxc:subfield code="1">ISNI0000000081742321</mxc:subfield>      <mxc:subfield code="w">.0..b.....</mxc:subfield>      <mxc:subfield code="a">Vrigny</mxc:subfield>      <mxc:subfield code="m">Roger</mxc:subfield>      <mxc:subfield code="d">1920-1997</mxc:subfield>      <mxc:subfield code="4">0450</mxc:subfield>   </mxc:datafield>   <mxc:datafield tag="143" ind1=" " ind2=" ">      <mxc:subfield code="a">Entretien</mxc:subfield>      <mxc:subfield code="e">Gracq</mxc:subfield>      <mxc:subfield code="f">Julien</mxc:subfield>   </mxc:datafield>   <mxc:datafield tag="245" ind1="1" ind2=" ">      <mxc:subfield code="a">[Entretien avec Julien Gracq]</mxc:subfield>      <mxc:subfield code="d">Enregistrement sonore</mxc:subfield>      <mxc:subfield code="f">Roger Vrigny, Christian Giudicelli, interview. </mxc:subfield>      <mxc:subfield code="g">Julien Gracq, Roger Vrigny, Christian Giudicelli, participants</mxc:subfield>   </mxc:datafield>   <mxc:datafield tag="250" ind1=" " ind2=" ">      <mxc:subfield code="a">Reproduction numérisée</mxc:subfield>   </mxc:datafield>   <mxc:datafield tag="260" ind1=" " ind2=" ">      <mxc:subfield code="d">1996</mxc:subfield>   </mxc:datafield>   <mxc:datafield tag="280" ind1=" " ind2=" ">      <mxc:subfield code="a">2 disques compacts enregistrables (38 min 43 s, 45 min 50 s)</mxc:subfield>   </mxc:datafield>   <mxc:datafield tag="300" ind1=" " ind2=" ">      <mxc:subfield code="a">Enregistrement en direct, au cours duquel Jean-Baptiste Malarte lit des extraits du "Château d'Argol". </mxc:subfield>   </mxc:datafield>   <mxc:datafield tag="300" ind1=" " ind2=" ">      <mxc:subfield code="a">Témoignages enregistrés de plusieurs écivain : Henry Quéffelec, Roger Gouze, André Pieyre de Mandiargues</mxc:subfield>   </mxc:datafield>   <mxc:datafield tag="314" ind1="2" ind2=" ">      <mxc:subfield code="p">fr</mxc:subfield>      <mxc:subfield code="a">Paris</mxc:subfield>      <mxc:subfield code="c">Radio France</mxc:subfield>   </mxc:datafield>   <mxc:datafield tag="324" ind1=" " ind2="1">      <mxc:subfield code="k">Num. BnF du phonogramme</mxc:subfield>      <mxc:subfield code="b">Paris</mxc:subfield>      <mxc:subfield code="c">Radio France</mxc:subfield>      <mxc:subfield code="e">DL 1990</mxc:subfield>      <mxc:subfield code="g">1 cass. audio</mxc:subfield>      <mxc:subfield code="m">Cassettes Radio France</mxc:subfield>      <mxc:subfield code="n">K1258</mxc:subfield>   </mxc:datafield>   <mxc:datafield tag="619" ind1=" " ind2=" ">      <mxc:subfield code="a">Gracq</mxc:subfield>      <mxc:subfield code="m">Julien</mxc:subfield>      <mxc:subfield code="d">1910-.... </mxc:subfield>      <mxc:subfield code="x">Entretiens</mxc:subfield>   </mxc:datafield>   <mxc:datafield tag="640" ind1="1" ind2=" ">      <mxc:subfield code="b">10300</mxc:subfield>   </mxc:datafield>   <mxc:datafield tag="645" ind1="1" ind2=" ">      <mxc:subfield code="d">1414</mxc:subfield>   </mxc:datafield>   <mxc:datafield tag="700" ind1=" " ind2=" ">      <mxc:subfield code="3">11905135</mxc:subfield>      <mxc:subfield code="1">ISNI0000000382786619</mxc:subfield>      <mxc:subfield code="w">.0..b.....</mxc:subfield>      <mxc:subfield code="a">Giudicelli</mxc:subfield>      <mxc:subfield code="m">Christian</mxc:subfield>      <mxc:subfield code="d">1942-2022</mxc:subfield>      <mxc:subfield code="4">0450</mxc:subfield>   </mxc:datafield>   <mxc:datafield tag="703" ind1=" " ind2=" ">      <mxc:subfield code="3">11905630</mxc:subfield>      <mxc:subfield code="1">ISNI0000000121434842</mxc:subfield>      <mxc:subfield code="w">.0.2b.....</mxc:subfield>      <mxc:subfield code="a">Gracq</mxc:subfield>      <mxc:subfield code="m">Julien</mxc:subfield>      <mxc:subfield code="d">1910-2007</mxc:subfield>      <mxc:subfield code="4">0920</mxc:subfield>   </mxc:datafield>   <mxc:datafield tag="703" ind1=" " ind2=" ">      <mxc:subfield code="3">11928706</mxc:subfield>      <mxc:subfield code="1">ISNI0000000081742321</mxc:subfield>      <mxc:subfield code="w">.0..b.....</mxc:subfield>      <mxc:subfield code="a">Vrigny</mxc:subfield>      <mxc:subfield code="m">Roger</mxc:subfield>      <mxc:subfield code="d">1920-1997</mxc:subfield>      <mxc:subfield code="4">0920</mxc:subfield>   </mxc:datafield>   <mxc:datafield tag="703" ind1=" " ind2=" ">      <mxc:subfield code="3">11905135</mxc:subfield>      <mxc:subfield code="1">ISNI0000000382786619</mxc:subfield>      <mxc:subfield code="w">.0..b.....</mxc:subfield>      <mxc:subfield code="a">Giudicelli</mxc:subfield>      <mxc:subfield code="m">Christian</mxc:subfield>      <mxc:subfield code="d">1942-2022</mxc:subfield>      <mxc:subfield code="4">0920</mxc:subfield>   </mxc:datafield>   <mxc:datafield tag="703" ind1=" " ind2=" ">      <mxc:subfield code="3">11920833</mxc:subfield>      <mxc:subfield code="1">ISNI0000000110326942</mxc:subfield>      <mxc:subfield code="w">.0..b.....</mxc:subfield>      <mxc:subfield code="a">Queffélec</mxc:subfield>      <mxc:subfield code="m">Henri</mxc:subfield>      <mxc:subfield code="d">1910-1992</mxc:subfield>      <mxc:subfield code="4">0920</mxc:subfield>   </mxc:datafield>   <mxc:datafield tag="703" ind1=" " ind2=" ">      <mxc:subfield code="3">11905609</mxc:subfield>      <mxc:subfield code="1">ISNI0000000108893390</mxc:subfield>      <mxc:subfield code="w">.0..b.....</mxc:subfield>      <mxc:subfield code="a">Gouze</mxc:subfield>      <mxc:subfield code="m">Roger</mxc:subfield>      <mxc:subfield code="d">1912-2005</mxc:subfield>      <mxc:subfield code="4">0920</mxc:subfield>   </mxc:datafield>   <mxc:datafield tag="703" ind1=" " ind2=" ">      <mxc:subfield code="3">11919776</mxc:subfield>      <mxc:subfield code="1">ISNI0000000121037134</mxc:subfield>      <mxc:subfield code="w">.0..b.....</mxc:subfield>      <mxc:subfield code="a">Pieyre de Mandiargues</mxc:subfield>      <mxc:subfield code="m">André</mxc:subfield>      <mxc:subfield code="d">1909-1991</mxc:subfield>      <mxc:subfield code="4">0920</mxc:subfield>   </mxc:datafield>   <mxc:datafield tag="917" ind1=" " ind2=" ">      <mxc:subfield code="o">OPC</mxc:subfield>      <mxc:subfield code="a">002438450</mxc:subfield>   </mxc:datafield>
</mxc:record>      </srw:recordData>
<srw:recordIdentifier>ark:/12148/cb383301942</srw:recordIdentifier>
<srw:recordPosition>19</srw:recordPosition>
<srw:extraRecordData>
<ixm:attr name="CreationDate">19960423</ixm:attr>
<ixm:attr name="LastModificationDate">20171109</ixm:attr>
<mn:score>12.6027155</mn:score>
</srw:extraRecordData>
</srw:record>
<srw:record>
<srw:recordSchema>marcxchange</srw:recordSchema>
<srw:recordPacking>xml</srw:recordPacking>
<srw:recordData>
<mxc:record xmlns:mxc="info:lc/xmlns/marcxchange-v2" format="INTERMARC" id="ark:/12148/cb465205181" type="Bibliographic">   <mxc:leader>00478n04c 2200027 h 45tz</mxc:leader>   <mxc:controlfield tag="001">FRBNF465205180000008</mxc:controlfield>   <mxc:controlfield tag="003">http://catalogue.bnf.fr/ark:/12148/cb465205181</mxc:controlfield>   <mxc:controlfield tag="008">200217q 1972 2010            oofre     b      </mxc:controlfield>   <mxc:controlfield tag="009">t                      a         </mxc:controlfield>   <mxc:datafield tag="051" ind1=" " ind2=" ">      <mxc:subfield code="a">txt</mxc:subfield>      <mxc:subfield code="b">n</mxc:subfield>   </mxc:datafield>   <mxc:datafield tag="243" ind1="1" ind2=" ">      <mxc:subfield code="a">Julien Gracq</mxc:subfield>      <mxc:subfield code="d">Document d'archives</mxc:subfield>      <mxc:subfield code="e">dossier biographique</mxc:subfield>   </mxc:datafield>   <mxc:datafield tag="261" ind1=" " ind2=" ">      <mxc:subfield code="d">[ca 1972]-2010</mxc:subfield>   </mxc:datafield>   <mxc:datafield tag="280" ind1=" " ind2=" ">      <mxc:subfield code="a">1 dossier de coupures de presse</mxc:subfield>      <mxc:subfield code="d">formats divers</mxc:subfield>   </mxc:datafield>   <mxc:datafield tag="300" ind1=" " ind2=" ">      <mxc:subfield code="a">Contient le tapuscrit de l'article de Susanne Lilar intitulé "Julien Gracq en Flandre" rédigé pour les Cahiers de l'Herne</mxc:subfield>   </mxc:datafield>   <mxc:datafield tag="600" ind1=" " ind2=" ">      <mxc:subfield code="3">11905630</mxc:subfield>      <mxc:subfield code="a">Gracq</mxc:subfield>      <mxc:subfield code="m">Julien</mxc:subfield>      <mxc:subfield code="d">1910-2007</mxc:subfield>   </mxc:datafield>   <mxc:datafield tag="690" ind1=" " ind2=" ">      <mxc:subfield code="a">RecDoc</mxc:subfield>   </mxc:datafield>
</mxc:record>      </srw:recordData>
<srw:recordIdentifier>ark:/12148/cb465205181</srw:recordIdentifier>
<srw:recordPosition>20</srw:recordPosition>
<srw:extraRecordData>
<ixm:attr name="CreationDate">20200217</ixm:attr>
<ixm:attr name="LastModificationDate">20200217</ixm:attr>
<mn:score>12.589704</mn:score>
</srw:extraRecordData>
</srw:record>