
<srw:record>
<srw:recordSchema>marcxchange</srw:recordSchema>
<srw:recordPacking>xml</srw:recordPacking>
<srw:recordData>
<mxc:record xmlns:mxc="info:lc/xmlns/marcxchange-v2" format="INTERMARC" id="ark:/12148/cb48723705k" type="Bibliographic">   <mxc:leader>01854c02s 2200027 i245as</mxc:leader>   <mxc:controlfield tag="001">FRBNF487237050000003</mxc:controlfield>   <mxc:controlfield tag="003">http://catalogue.bnf.fr/ark:/12148/cb48723705k</mxc:controlfield>   <mxc:controlfield tag="008">260309c 2018                 frfre mk 7b      </mxc:controlfield>   <mxc:controlfield tag="009">sa   r s  1 a   mm b</mxc:controlfield>   <mxc:controlfield tag="009">az d r             </mxc:controlfield>   <mxc:datafield tag="022" ind1=" " ind2=" ">      <mxc:subfield code="a">3129-3360</mxc:subfield>   </mxc:datafield>   <mxc:datafield tag="051" ind1=" " ind2=" ">      <mxc:subfield code="a">txt</mxc:subfield>      <mxc:subfield code="b">c</mxc:subfield>   </mxc:datafield>   <mxc:datafield tag="210" ind1=" " ind2=" ">      <mxc:subfield code="a">Rev. lett. mod., Julien Gracq</mxc:subfield>      <mxc:subfield code="b">En ligne</mxc:subfield>   </mxc:datafield>   <mxc:datafield tag="222" ind1="1" ind2=" ">      <mxc:subfield code="a">La Revue des lettres modernes. Julien Gracq</mxc:subfield>      <mxc:subfield code="b">En ligne</mxc:subfield>   </mxc:datafield>   <mxc:datafield tag="245" ind1="1" ind2=" ">      <mxc:subfield code="a">La Revue des lettres modernes</mxc:subfield>      <mxc:subfield code="i">Julien Gracq</mxc:subfield>      <mxc:subfield code="d">Texte électronique</mxc:subfield>   </mxc:datafield>   <mxc:datafield tag="260" ind1=" " ind2="1">      <mxc:subfield code="a">Paris</mxc:subfield>      <mxc:subfield code="b">6 rue de la Sorbonne ; 75005</mxc:subfield>      <mxc:subfield code="c">Lettres modernes Minard</mxc:subfield>      <mxc:subfield code="c">Classiques Garnier</mxc:subfield>      <mxc:subfield code="d">2018-</mxc:subfield>   </mxc:datafield>   <mxc:datafield tag="280" ind1=" " ind2=" ">      <mxc:subfield code="a">1 ressource dématérialisée</mxc:subfield>   </mxc:datafield>   <mxc:datafield tag="326" ind1="1" ind2=" ">      <mxc:subfield code="a">Collection</mxc:subfield>   </mxc:datafield>   <mxc:datafield tag="340" ind1="1" ind2=" ">      <mxc:subfield code="a">6 (2008)</mxc:subfield>      <mxc:subfield code="u">https://web.archive.org/web/20251126080714/https://classiques-garnier.com/la-revue-des-lettres-modernes-les-tensions-de-l-ecriture-adieu-au-romanesque-persistance-de-la-fiction.html</mxc:subfield>      <mxc:subfield code="d">20260309</mxc:subfield>   </mxc:datafield>   <mxc:datafield tag="352" ind1=" " ind2=" ">      <mxc:subfield code="a">Date de 1re mise en ligne d'après l'éditeur (avec le n° 8)</mxc:subfield>   </mxc:datafield>   <mxc:datafield tag="600" ind1=" " ind2=" ">      <mxc:subfield code="3">11905630</mxc:subfield>      <mxc:subfield code="a">Gracq</mxc:subfield>      <mxc:subfield code="m">Julien</mxc:subfield>      <mxc:subfield code="d">1910-2007</mxc:subfield>      <mxc:subfield code="3">12042895</mxc:subfield>      <mxc:subfield code="x">Critique et interprétation</mxc:subfield>   </mxc:datafield>   <mxc:datafield tag="676" ind1=" " ind2=" ">      <mxc:subfield code="3">13590553</mxc:subfield>      <mxc:subfield code="i">843.91</mxc:subfield>      <mxc:subfield code="g">critique</mxc:subfield>      <mxc:subfield code="v">23</mxc:subfield>      <mxc:subfield code="a">Roman de langue française - 1900-1999 [critique]</mxc:subfield>   </mxc:datafield>   <mxc:datafield tag="676" ind1=" " ind2=" ">      <mxc:subfield code="3">13718343</mxc:subfield>      <mxc:subfield code="i">840.5</mxc:subfield>      <mxc:subfield code="v">23</mxc:subfield>      <mxc:subfield code="a">Littérature de langue française - Publications en série</mxc:subfield>   </mxc:datafield>   <mxc:datafield tag="680" ind1="8" ind2=" ">      <mxc:subfield code="a">800</mxc:subfield>      <mxc:subfield code="h">800</mxc:subfield>   </mxc:datafield>   <mxc:datafield tag="750" ind1="2" ind2="3">      <mxc:subfield code="a">Julien Gracq</mxc:subfield>   </mxc:datafield>   <mxc:datafield tag="776" ind1="2" ind2=" ">      <mxc:subfield code="3">47676604</mxc:subfield>      <mxc:subfield code="t">La Revue des lettres modernes. Julien Gracq</mxc:subfield>      <mxc:subfield code="x">1161-2096</mxc:subfield>   </mxc:datafield>   <mxc:datafield tag="832" ind1=" " ind2=" ">      <mxc:subfield code="a">Fondée par Michel Minard en 1954, « La Revue des Lettres modernes » est une collection de séries monographiques et thématiques consacrée aux écrivains modernes et contemporains. Elle a pour vocation la publication de travaux d'érudition universitaire</mxc:subfield>      <mxc:subfield code="2">Editeur</mxc:subfield>      <mxc:subfield code="d">20260309</mxc:subfield>      <mxc:subfield code="z">fre</mxc:subfield>   </mxc:datafield>   <mxc:datafield tag="856" ind1="4" ind2=" ">      <mxc:subfield code="q">1</mxc:subfield>      <mxc:subfield code="u">https://classiques-garnier.com/la-revue-des-lettres-modernes.html</mxc:subfield>      <mxc:subfield code="d">20260309</mxc:subfield>      <mxc:subfield code="f">HTML</mxc:subfield>      <mxc:subfield code="f">PDF</mxc:subfield>      <mxc:subfield code="m">a9</mxc:subfield>   </mxc:datafield>   <mxc:datafield tag="856" ind1="4" ind2=" ">      <mxc:subfield code="q">9</mxc:subfield>      <mxc:subfield code="u">https://web.archive.org/web/*/https://classiques-garnier.com/la-revue-des-lettres-modernes.html</mxc:subfield>   </mxc:datafield>
</mxc:record>      </srw:recordData>
<srw:recordIdentifier>ark:/12148/cb48723705k</srw:recordIdentifier>
<srw:recordPosition>21</srw:recordPosition>
<srw:extraRecordData>
<ixm:attr name="CreationDate">20260309</ixm:attr>
<ixm:attr name="LastModificationDate">20260309</ixm:attr>
<mn:score>12.563109</mn:score>
</srw:extraRecordData>
</srw:record>