
<srw:record>
<srw:recordSchema>marcxchange</srw:recordSchema>
<srw:recordPacking>xml</srw:recordPacking>
<srw:recordData>
<mxc:record xmlns:mxc="info:lc/xmlns/marcxchange-v2" format="INTERMARC" id="ark:/12148/cb41396993r" type="Bibliographic">   <mxc:leader>00936c0 m 2200027   45a </mxc:leader>   <mxc:controlfield tag="001">FRBNF413969930000002</mxc:controlfield>   <mxc:controlfield tag="003">http://catalogue.bnf.fr/ark:/12148/cb41396993r</mxc:controlfield>   <mxc:controlfield tag="008">081212s 2008                 frfre     b  001 </mxc:controlfield>   <mxc:controlfield tag="009">a  d               </mxc:controlfield>   <mxc:datafield tag="015" ind1=" " ind2=" ">      <mxc:subfield code="a">00863118</mxc:subfield>      <mxc:subfield code="d">20080101</mxc:subfield>   </mxc:datafield>   <mxc:datafield tag="020" ind1=" " ind2=" ">      <mxc:subfield code="a">978-2-256-91131-6</mxc:subfield>      <mxc:subfield code="b">br.</mxc:subfield>      <mxc:subfield code="d">24 EUR</mxc:subfield>   </mxc:datafield>   <mxc:datafield tag="051" ind1=" " ind2=" ">      <mxc:subfield code="a">txt</mxc:subfield>      <mxc:subfield code="b">n</mxc:subfield>   </mxc:datafield>   <mxc:datafield tag="245" ind1="1" ind2=" ">      <mxc:subfield code="a">Julien Gracq</mxc:subfield>      <mxc:subfield code="u">06</mxc:subfield>      <mxc:subfield code="h">6</mxc:subfield>      <mxc:subfield code="i">Les tensions de l'écriture</mxc:subfield>      <mxc:subfield code="d">Texte imprimé</mxc:subfield>      <mxc:subfield code="e">adieu au romanesque, persistance de la fiction</mxc:subfield>      <mxc:subfield code="f">textes réunis par Patrick Marot</mxc:subfield>   </mxc:datafield>   <mxc:datafield tag="260" ind1=" " ind2=" ">      <mxc:subfield code="a">Caen</mxc:subfield>      <mxc:subfield code="c">Lettres modernes Minard</mxc:subfield>      <mxc:subfield code="d">2008</mxc:subfield>   </mxc:datafield>   <mxc:datafield tag="280" ind1=" " ind2=" ">      <mxc:subfield code="a">1 vol. (265 p.)</mxc:subfield>      <mxc:subfield code="d">19 cm</mxc:subfield>   </mxc:datafield>   <mxc:datafield tag="295" ind1="1" ind2=" ">      <mxc:subfield code="a">La revue des lettres modernes</mxc:subfield>      <mxc:subfield code="i">Julien Gracq</mxc:subfield>      <mxc:subfield code="v">6</mxc:subfield>   </mxc:datafield>   <mxc:datafield tag="410" ind1=" " ind2=" ">      <mxc:subfield code="3">47676604</mxc:subfield>      <mxc:subfield code="t">La Revue des lettres modernes. Julien Gracq</mxc:subfield>      <mxc:subfield code="x">1161-2096</mxc:subfield>      <mxc:subfield code="v">6</mxc:subfield>   </mxc:datafield>   <mxc:datafield tag="410" ind1=" " ind2=" ">      <mxc:subfield code="3">40951980</mxc:subfield>      <mxc:subfield code="t">La Revue des lettres modernes</mxc:subfield>      <mxc:subfield code="x">0035-2136</mxc:subfield>      <mxc:subfield code="d">2008</mxc:subfield>   </mxc:datafield>   <mxc:datafield tag="460" ind1=" " ind2=" ">      <mxc:subfield code="3">34336224</mxc:subfield>      <mxc:subfield code="t">Julien Gracq</mxc:subfield>      <mxc:subfield code="v">6</mxc:subfield>   </mxc:datafield>   <mxc:datafield tag="600" ind1=" " ind2=" ">      <mxc:subfield code="3">11905630</mxc:subfield>      <mxc:subfield code="a">Gracq</mxc:subfield>      <mxc:subfield code="m">Julien</mxc:subfield>      <mxc:subfield code="d">1910-2007</mxc:subfield>      <mxc:subfield code="3">12042895</mxc:subfield>      <mxc:subfield code="x">Critique et interprétation</mxc:subfield>   </mxc:datafield>   <mxc:datafield tag="676" ind1=" " ind2=" ">      <mxc:subfield code="3">13590553</mxc:subfield>      <mxc:subfield code="i">843.91</mxc:subfield>      <mxc:subfield code="g">critique</mxc:subfield>      <mxc:subfield code="v">23</mxc:subfield>      <mxc:subfield code="a">Roman de langue française - 1900-1999 [critique]</mxc:subfield>   </mxc:datafield>   <mxc:datafield tag="680" ind1="0" ind2=" ">      <mxc:subfield code="a">800</mxc:subfield>      <mxc:subfield code="b">800</mxc:subfield>   </mxc:datafield>   <mxc:datafield tag="700" ind1=" " ind2=" ">      <mxc:subfield code="3">12333755</mxc:subfield>      <mxc:subfield code="1">ISNI0000000108705142</mxc:subfield>      <mxc:subfield code="w"> 0  b.....</mxc:subfield>      <mxc:subfield code="a">Marot</mxc:subfield>      <mxc:subfield code="m">Patrick</mxc:subfield>      <mxc:subfield code="d">1955-....</mxc:subfield>      <mxc:subfield code="4">0360</mxc:subfield>   </mxc:datafield>   <mxc:datafield tag="750" ind1=" " ind2="3">      <mxc:subfield code="a">Les tensions de l'écriture</mxc:subfield>   </mxc:datafield>
</mxc:record>      </srw:recordData>
<srw:recordIdentifier>ark:/12148/cb41396993r</srw:recordIdentifier>
<srw:recordPosition>22</srw:recordPosition>
<srw:extraRecordData>
<ixm:attr name="CreationDate">20081212</ixm:attr>
<ixm:attr name="LastModificationDate">20250627</ixm:attr>
<mn:score>12.561182</mn:score>
</srw:extraRecordData>
</srw:record>