
<srw:record>
<srw:recordSchema>marcxchange</srw:recordSchema>
<srw:recordPacking>xml</srw:recordPacking>
<srw:recordData>
<mxc:record xmlns:mxc="info:lc/xmlns/marcxchange-v2" format="INTERMARC" id="ark:/12148/cb38989552g" type="Bibliographic">   <mxc:leader>00747c0 m 2200027   45a </mxc:leader>   <mxc:controlfield tag="001">FRBNF389895520000006</mxc:controlfield>   <mxc:controlfield tag="003">http://catalogue.bnf.fr/ark:/12148/cb38989552g</mxc:controlfield>   <mxc:controlfield tag="008">030425s 2003                 frfre     b  001 </mxc:controlfield>   <mxc:controlfield tag="009">a  d               </mxc:controlfield>   <mxc:datafield tag="015" ind1=" " ind2=" ">      <mxc:subfield code="a">00315558</mxc:subfield>      <mxc:subfield code="d">20030101</mxc:subfield>   </mxc:datafield>   <mxc:datafield tag="020" ind1=" " ind2=" ">      <mxc:subfield code="a">2-232-12231-X</mxc:subfield>      <mxc:subfield code="b">br.</mxc:subfield>      <mxc:subfield code="d">18 EUR</mxc:subfield>   </mxc:datafield>   <mxc:datafield tag="051" ind1=" " ind2=" ">      <mxc:subfield code="a">txt</mxc:subfield>      <mxc:subfield code="b">n</mxc:subfield>   </mxc:datafield>   <mxc:datafield tag="100" ind1=" " ind2=" ">      <mxc:subfield code="3">11899581</mxc:subfield>      <mxc:subfield code="1">ISNI0000000081151601</mxc:subfield>      <mxc:subfield code="w">.0..b.....</mxc:subfield>      <mxc:subfield code="a">Denis</mxc:subfield>      <mxc:subfield code="m">Ariel</mxc:subfield>      <mxc:subfield code="d">1945-....</mxc:subfield>      <mxc:subfield code="4">0070</mxc:subfield>   </mxc:datafield>   <mxc:datafield tag="245" ind1="1" ind2=" ">      <mxc:subfield code="a">Julien Gracq</mxc:subfield>      <mxc:subfield code="d">Texte imprimé</mxc:subfield>      <mxc:subfield code="f">présentation et anthologie par Ariel Denis</mxc:subfield>   </mxc:datafield>   <mxc:datafield tag="260" ind1=" " ind2=" ">      <mxc:subfield code="a">Paris</mxc:subfield>      <mxc:subfield code="c">Seghers</mxc:subfield>      <mxc:subfield code="d">2003</mxc:subfield>   </mxc:datafield>   <mxc:datafield tag="270" ind1=" " ind2=" ">      <mxc:subfield code="a">18-Saint-Amand-Montrond</mxc:subfield>      <mxc:subfield code="c">Bussière Camedan impr.</mxc:subfield>   </mxc:datafield>   <mxc:datafield tag="280" ind1=" " ind2=" ">      <mxc:subfield code="a">222 p.</mxc:subfield>      <mxc:subfield code="d">20 cm</mxc:subfield>   </mxc:datafield>   <mxc:datafield tag="295" ind1="1" ind2=" ">      <mxc:subfield code="a">Poètes d'aujourd'hui</mxc:subfield>   </mxc:datafield>   <mxc:datafield tag="300" ind1=" " ind2=" ">      <mxc:subfield code="a">Contient un choix de textes de J. Gracq</mxc:subfield>      <mxc:subfield code="a">Bibliogr. des oeuvres de J. Gracq p. 219</mxc:subfield>   </mxc:datafield>   <mxc:datafield tag="410" ind1=" " ind2=" ">      <mxc:subfield code="3">34234673</mxc:subfield>      <mxc:subfield code="t">Poètes d'aujourd'hui</mxc:subfield>      <mxc:subfield code="x">0768-2085</mxc:subfield>      <mxc:subfield code="d">2003</mxc:subfield>   </mxc:datafield>   <mxc:datafield tag="600" ind1=" " ind2=" ">      <mxc:subfield code="3">11905630</mxc:subfield>      <mxc:subfield code="a">Gracq</mxc:subfield>      <mxc:subfield code="m">Julien</mxc:subfield>      <mxc:subfield code="d">1910-2007</mxc:subfield>      <mxc:subfield code="3">12042895</mxc:subfield>      <mxc:subfield code="x">Critique et interprétation</mxc:subfield>   </mxc:datafield>   <mxc:datafield tag="676" ind1=" " ind2=" ">      <mxc:subfield code="3">13590553</mxc:subfield>      <mxc:subfield code="i">843.91</mxc:subfield>      <mxc:subfield code="g">critique</mxc:subfield>      <mxc:subfield code="v">23</mxc:subfield>   </mxc:datafield>   <mxc:datafield tag="680" ind1="0" ind2=" ">      <mxc:subfield code="a">800</mxc:subfield>      <mxc:subfield code="b">800</mxc:subfield>   </mxc:datafield>
</mxc:record>      </srw:recordData>
<srw:recordIdentifier>ark:/12148/cb38989552g</srw:recordIdentifier>
<srw:recordPosition>23</srw:recordPosition>
<srw:extraRecordData>
<ixm:attr name="CreationDate">20030425</ixm:attr>
<ixm:attr name="LastModificationDate">20030515</ixm:attr>
<mn:score>12.5148535</mn:score>
</srw:extraRecordData>
</srw:record>