
<srw:record>
<srw:recordSchema>marcxchange</srw:recordSchema>
<srw:recordPacking>xml</srw:recordPacking>
<srw:recordData>
<mxc:record xmlns:mxc="info:lc/xmlns/marcxchange-v2" format="INTERMARC" id="ark:/12148/cb41192282v" type="Bibliographic">   <mxc:leader>01026c0 m 2200027   45a </mxc:leader>   <mxc:controlfield tag="001">FRBNF411922820000007</mxc:controlfield>   <mxc:controlfield tag="003">http://catalogue.bnf.fr/ark:/12148/cb41192282v</mxc:controlfield>   <mxc:controlfield tag="008">080130s 2007                 frfre     b  001 </mxc:controlfield>   <mxc:controlfield tag="009">a  d               </mxc:controlfield>   <mxc:datafield tag="015" ind1=" " ind2=" ">      <mxc:subfield code="a">00810950</mxc:subfield>      <mxc:subfield code="d">20080101</mxc:subfield>   </mxc:datafield>   <mxc:datafield tag="020" ind1=" " ind2=" ">      <mxc:subfield code="a">978-2-256-91122-4</mxc:subfield>      <mxc:subfield code="b">br.</mxc:subfield>      <mxc:subfield code="d">16 EUR</mxc:subfield>   </mxc:datafield>   <mxc:datafield tag="051" ind1=" " ind2=" ">      <mxc:subfield code="a">txt</mxc:subfield>      <mxc:subfield code="b">n</mxc:subfield>   </mxc:datafield>   <mxc:datafield tag="245" ind1="1" ind2=" ">      <mxc:subfield code="a">Julien Gracq</mxc:subfield>      <mxc:subfield code="u">05</mxc:subfield>      <mxc:subfield code="h">5</mxc:subfield>      <mxc:subfield code="i">Les dernières fictions, "Un balcon en forêt" et "La presqu'île"</mxc:subfield>      <mxc:subfield code="d">Texte imprimé</mxc:subfield>      <mxc:subfield code="f">textes réunis par Patrick Marot</mxc:subfield>   </mxc:datafield>   <mxc:datafield tag="260" ind1=" " ind2=" ">      <mxc:subfield code="a">Caen</mxc:subfield>      <mxc:subfield code="c">Lettres modernes Minard</mxc:subfield>      <mxc:subfield code="d">2007</mxc:subfield>   </mxc:datafield>   <mxc:datafield tag="280" ind1=" " ind2=" ">      <mxc:subfield code="a">1 vol. (259 p.)</mxc:subfield>      <mxc:subfield code="d">19 cm</mxc:subfield>   </mxc:datafield>   <mxc:datafield tag="295" ind1="1" ind2=" ">      <mxc:subfield code="a">La revue des lettres modernes</mxc:subfield>      <mxc:subfield code="i">Julien Gracq</mxc:subfield>      <mxc:subfield code="v">5</mxc:subfield>   </mxc:datafield>   <mxc:datafield tag="300" ind1=" " ind2=" ">      <mxc:subfield code="a">Notes bibliogr.</mxc:subfield>   </mxc:datafield>   <mxc:datafield tag="410" ind1=" " ind2=" ">      <mxc:subfield code="3">47676604</mxc:subfield>      <mxc:subfield code="t">La Revue des lettres modernes. Julien Gracq</mxc:subfield>      <mxc:subfield code="x">1161-2096</mxc:subfield>      <mxc:subfield code="v">5</mxc:subfield>   </mxc:datafield>   <mxc:datafield tag="410" ind1=" " ind2=" ">      <mxc:subfield code="3">40951980</mxc:subfield>      <mxc:subfield code="t">La Revue des lettres modernes</mxc:subfield>      <mxc:subfield code="x">0035-2136</mxc:subfield>      <mxc:subfield code="d">2007</mxc:subfield>   </mxc:datafield>   <mxc:datafield tag="460" ind1=" " ind2=" ">      <mxc:subfield code="3">34336224</mxc:subfield>      <mxc:subfield code="t">Julien Gracq</mxc:subfield>      <mxc:subfield code="v">5</mxc:subfield>   </mxc:datafield>   <mxc:datafield tag="605" ind1=" " ind2=" ">      <mxc:subfield code="3">12219433</mxc:subfield>      <mxc:subfield code="a">Gracq</mxc:subfield>      <mxc:subfield code="m">Julien</mxc:subfield>      <mxc:subfield code="d">1910-2007</mxc:subfield>      <mxc:subfield code="t">Un balcon en forêt</mxc:subfield>   </mxc:datafield>   <mxc:datafield tag="605" ind1=" " ind2=" ">      <mxc:subfield code="3">13505471</mxc:subfield>      <mxc:subfield code="a">Gracq</mxc:subfield>      <mxc:subfield code="m">Julien</mxc:subfield>      <mxc:subfield code="d">1910-2007</mxc:subfield>      <mxc:subfield code="t">La presqu'île</mxc:subfield>   </mxc:datafield>   <mxc:datafield tag="676" ind1=" " ind2=" ">      <mxc:subfield code="3">13590553</mxc:subfield>      <mxc:subfield code="i">843.91</mxc:subfield>      <mxc:subfield code="g">critique</mxc:subfield>      <mxc:subfield code="v">23</mxc:subfield>      <mxc:subfield code="a">Roman de langue française - 1900-1999 [critique]</mxc:subfield>   </mxc:datafield>   <mxc:datafield tag="680" ind1="0" ind2=" ">      <mxc:subfield code="a">800</mxc:subfield>      <mxc:subfield code="b">800</mxc:subfield>   </mxc:datafield>   <mxc:datafield tag="700" ind1=" " ind2=" ">      <mxc:subfield code="3">12333755</mxc:subfield>      <mxc:subfield code="1">ISNI0000000108705142</mxc:subfield>      <mxc:subfield code="w"> 0  b.....</mxc:subfield>      <mxc:subfield code="a">Marot</mxc:subfield>      <mxc:subfield code="m">Patrick</mxc:subfield>      <mxc:subfield code="d">1955-....</mxc:subfield>      <mxc:subfield code="4">0360</mxc:subfield>   </mxc:datafield>   <mxc:datafield tag="750" ind1=" " ind2="3">      <mxc:subfield code="a">Les dernières fictions, "Un balcon en forêt" et "La presqu'île"</mxc:subfield>   </mxc:datafield>
</mxc:record>      </srw:recordData>
<srw:recordIdentifier>ark:/12148/cb41192282v</srw:recordIdentifier>
<srw:recordPosition>24</srw:recordPosition>
<srw:extraRecordData>
<ixm:attr name="CreationDate">20080130</ixm:attr>
<ixm:attr name="LastModificationDate">20250627</ixm:attr>
<mn:score>12.402825</mn:score>
</srw:extraRecordData>
</srw:record>