
<srw:record>
<srw:recordSchema>marcxchange</srw:recordSchema>
<srw:recordPacking>xml</srw:recordPacking>
<srw:recordData>
<mxc:record xmlns:mxc="info:lc/xmlns/marcxchange-v2" format="INTERMARC" id="ark:/12148/cb38491125w" type="Bibliographic">   <mxc:leader>01993c0 m 2200027   45h </mxc:leader>   <mxc:controlfield tag="001">FRBNF384911250000000</mxc:controlfield>   <mxc:controlfield tag="003">http://catalogue.bnf.fr/ark:/12148/cb38491125w</mxc:controlfield>   <mxc:controlfield tag="008">970716s 1995        .... ....frfre     b  001 </mxc:controlfield>   <mxc:controlfield tag="009">hit d     1       2cv   x rk</mxc:controlfield>   <mxc:datafield tag="050" ind1=" " ind2=" ">      <mxc:subfield code="a">h02</mxc:subfield>      <mxc:subfield code="c">S-VHS</mxc:subfield>   </mxc:datafield>   <mxc:datafield tag="051" ind1=" " ind2=" ">      <mxc:subfield code="a">tdi</mxc:subfield>      <mxc:subfield code="b">v</mxc:subfield>   </mxc:datafield>   <mxc:datafield tag="245" ind1="1" ind2=" ">      <mxc:subfield code="a">Julien Gracq</mxc:subfield>      <mxc:subfield code="d">Images animées</mxc:subfield>      <mxc:subfield code="e">la chanson du guetteur</mxc:subfield>      <mxc:subfield code="f">Michel Mitrani, réal., interview.</mxc:subfield>      <mxc:subfield code="g">Julien Gracq, participant</mxc:subfield>   </mxc:datafield>   <mxc:datafield tag="260" ind1=" " ind2=" ">      <mxc:subfield code="a">[Paris]</mxc:subfield>      <mxc:subfield code="c">France 3</mxc:subfield>      <mxc:subfield code="a">Bry-sur-Marne</mxc:subfield>      <mxc:subfield code="c">INA [prod., distrib.]</mxc:subfield>      <mxc:subfield code="d">cop. 1995</mxc:subfield>   </mxc:datafield>   <mxc:datafield tag="280" ind1=" " ind2=" ">      <mxc:subfield code="a">1 DVD vidéo monoface toutes zones (55 min)</mxc:subfield>      <mxc:subfield code="c">4/3, coul. (PAL), son.</mxc:subfield>   </mxc:datafield>   <mxc:datafield tag="295" ind1="1" ind2=" ">      <mxc:subfield code="a">Un siècle d'écrivains</mxc:subfield>   </mxc:datafield>   <mxc:datafield tag="300" ind1=" " ind2=" ">      <mxc:subfield code="a">Acq. : Direction du Livre et de la Lecture</mxc:subfield>   </mxc:datafield>   <mxc:datafield tag="330" ind1=" " ind2=" ">      <mxc:subfield code="a">...] C'est un entretien sonore qui sert de fil conducteur à ce portrait de Louis Poirier, professeur d'histoire et de géographie, né en 1910, qui a choisi en 1939 pour publier "Au château d'Argol", le pseudonyme de Julien Gracq, "un nom rapeux qui heurte un peu l'oreille". Dans cet entretien, le dialogue est très libre, il laisse percer les agacements de Julien Gracq, "ses vives préférences" et ses "refus également vifs" (Henri Thomas). [...] Des photos, des archives, des images de lieux contemporains, un commentaire du réalisateur s'ajoutent à l'ensemble. [...] On retiendra la lecture par Julien Gracq d'extraits des "Carnets du grand chemin" (1992), de "Lettrines 2" (1974), de "La Forme d'une ville" (1985), "Des eaux étroites" (1976), avec cette voix un peu rapeuse, sans lyrisme inutile. Une vraie voix, sans affectation, et qui, privée de l'image, du visage, devient encore plus vivante, encore plus charnelle. Catherine Blangonnet. ( source : film-documentaire.fr )</mxc:subfield>   </mxc:datafield>   <mxc:datafield tag="352" ind1=" " ind2="3">      <mxc:subfield code="a">Cop. : INA : France 3, 1995</mxc:subfield>   </mxc:datafield>   <mxc:datafield tag="410" ind1=" " ind2=" ">      <mxc:subfield code="3">39132984</mxc:subfield>      <mxc:subfield code="t">Un Siècle d'écrivains</mxc:subfield>      <mxc:subfield code="d">1995</mxc:subfield>   </mxc:datafield>   <mxc:datafield tag="600" ind1=" " ind2=" ">      <mxc:subfield code="3">11905630</mxc:subfield>      <mxc:subfield code="a">Gracq</mxc:subfield>      <mxc:subfield code="m">Julien</mxc:subfield>      <mxc:subfield code="d">1910-2007</mxc:subfield>   </mxc:datafield>   <mxc:datafield tag="640" ind1="1" ind2=" ">      <mxc:subfield code="b">11400</mxc:subfield>   </mxc:datafield>   <mxc:datafield tag="645" ind1="1" ind2=" ">      <mxc:subfield code="a">1103</mxc:subfield>      <mxc:subfield code="b">1205</mxc:subfield>      <mxc:subfield code="d">1419</mxc:subfield>   </mxc:datafield>   <mxc:datafield tag="676" ind1=" " ind2=" ">      <mxc:subfield code="3">13639406</mxc:subfield>      <mxc:subfield code="i">843.91</mxc:subfield>      <mxc:subfield code="g">oeuvre</mxc:subfield>      <mxc:subfield code="v">23</mxc:subfield>      <mxc:subfield code="a">Roman de langue française - 1900-1999 [oeuvre]</mxc:subfield>   </mxc:datafield>   <mxc:datafield tag="700" ind1=" " ind2=" ">      <mxc:subfield code="3">12472497</mxc:subfield>      <mxc:subfield code="1">ISNI0000000077296285</mxc:subfield>      <mxc:subfield code="w">.0..b.....</mxc:subfield>      <mxc:subfield code="a">Mitrani</mxc:subfield>      <mxc:subfield code="m">Michel</mxc:subfield>      <mxc:subfield code="d">1930-1996</mxc:subfield>      <mxc:subfield code="4">0610</mxc:subfield>      <mxc:subfield code="4">0450</mxc:subfield>   </mxc:datafield>   <mxc:datafield tag="703" ind1=" " ind2=" ">      <mxc:subfield code="3">11905630</mxc:subfield>      <mxc:subfield code="1">ISNI0000000121434842</mxc:subfield>      <mxc:subfield code="w">.0.2b.....</mxc:subfield>      <mxc:subfield code="a">Gracq</mxc:subfield>      <mxc:subfield code="m">Julien</mxc:subfield>      <mxc:subfield code="d">1910-2007</mxc:subfield>      <mxc:subfield code="4">0920</mxc:subfield>   </mxc:datafield>   <mxc:datafield tag="917" ind1=" " ind2=" ">      <mxc:subfield code="o">OPC</mxc:subfield>      <mxc:subfield code="a">004060370</mxc:subfield>   </mxc:datafield>
</mxc:record>      </srw:recordData>
<srw:recordIdentifier>ark:/12148/cb38491125w</srw:recordIdentifier>
<srw:recordPosition>25</srw:recordPosition>
<srw:extraRecordData>
<ixm:attr name="CreationDate">19970716</ixm:attr>
<ixm:attr name="LastModificationDate">20260414</ixm:attr>
<mn:score>12.393375</mn:score>
</srw:extraRecordData>
</srw:record>