
<srw:record>
<srw:recordSchema>marcxchange</srw:recordSchema>
<srw:recordPacking>xml</srw:recordPacking>
<srw:recordData>
<mxc:record xmlns:mxc="info:lc/xmlns/marcxchange-v2" format="INTERMARC" id="ark:/12148/cb46933615w" type="Bibliographic">   <mxc:leader>01078c0 m 2200027   45a </mxc:leader>   <mxc:controlfield tag="001">FRBNF46933615000000X</mxc:controlfield>   <mxc:controlfield tag="003">http://catalogue.bnf.fr/ark:/12148/cb46933615w</mxc:controlfield>   <mxc:controlfield tag="008">211220s 2021     fs 2010     frfre     b  001 </mxc:controlfield>   <mxc:controlfield tag="009">a  d               </mxc:controlfield>   <mxc:datafield tag="015" ind1=" " ind2=" ">      <mxc:subfield code="a">02201224</mxc:subfield>      <mxc:subfield code="d">20220120</mxc:subfield>      <mxc:subfield code="n">01/2022</mxc:subfield>   </mxc:datafield>   <mxc:datafield tag="020" ind1=" " ind2=" ">      <mxc:subfield code="a">978-2-406-12299-9</mxc:subfield>      <mxc:subfield code="b">br.</mxc:subfield>      <mxc:subfield code="d">42 EUR</mxc:subfield>   </mxc:datafield>   <mxc:datafield tag="038" ind1=" " ind2=" ">      <mxc:subfield code="a">9782406122999</mxc:subfield>   </mxc:datafield>   <mxc:datafield tag="051" ind1=" " ind2=" ">      <mxc:subfield code="a">txt</mxc:subfield>      <mxc:subfield code="b">n</mxc:subfield>   </mxc:datafield>   <mxc:datafield tag="245" ind1="1" ind2=" ">      <mxc:subfield code="a">La mémoire et le présent</mxc:subfield>      <mxc:subfield code="d">Texte imprimé</mxc:subfield>      <mxc:subfield code="e">actualité de Julien Gracq</mxc:subfield>      <mxc:subfield code="f">sous la direction de Patrick Marot et Sylvie Vignes</mxc:subfield>   </mxc:datafield>   <mxc:datafield tag="250" ind1=" " ind2=" ">      <mxc:subfield code="a">[Reproduction en fac-similé]</mxc:subfield>   </mxc:datafield>   <mxc:datafield tag="260" ind1=" " ind2="1">      <mxc:subfield code="a">Paris</mxc:subfield>      <mxc:subfield code="c">Lettres modernes Minard</mxc:subfield>      <mxc:subfield code="d">DL 2021</mxc:subfield>   </mxc:datafield>   <mxc:datafield tag="270" ind1=" " ind2=" ">      <mxc:subfield code="a">14-Condé-en-Normandie</mxc:subfield>      <mxc:subfield code="c">Impr. Corlet</mxc:subfield>   </mxc:datafield>   <mxc:datafield tag="280" ind1=" " ind2=" ">      <mxc:subfield code="a">1 vol. (392 p.)</mxc:subfield>      <mxc:subfield code="d">22 cm</mxc:subfield>   </mxc:datafield>   <mxc:datafield tag="290" ind1="1" ind2=" ">      <mxc:subfield code="a">Julien Gracq</mxc:subfield>      <mxc:subfield code="v">7</mxc:subfield>   </mxc:datafield>   <mxc:datafield tag="295" ind1="1" ind2=" ">      <mxc:subfield code="a">La revue des lettres modernes</mxc:subfield>      <mxc:subfield code="x">0035-2136</mxc:subfield>   </mxc:datafield>   <mxc:datafield tag="300" ind1=" " ind2=" ">      <mxc:subfield code="a">Notes bibliogr.</mxc:subfield>   </mxc:datafield>   <mxc:datafield tag="324" ind1=" " ind2=" ">      <mxc:subfield code="k">Fac-sim. de l'éd.</mxc:subfield>      <mxc:subfield code="b">Caen</mxc:subfield>      <mxc:subfield code="c">Lettres modernes Minard</mxc:subfield>      <mxc:subfield code="d">2010</mxc:subfield>   </mxc:datafield>   <mxc:datafield tag="410" ind1=" " ind2=" ">      <mxc:subfield code="3">40951980</mxc:subfield>      <mxc:subfield code="t">La Revue des lettres modernes</mxc:subfield>      <mxc:subfield code="x">0035-2136</mxc:subfield>      <mxc:subfield code="d">2021</mxc:subfield>   </mxc:datafield>   <mxc:datafield tag="460" ind1=" " ind2=" ">      <mxc:subfield code="3">34336224</mxc:subfield>      <mxc:subfield code="t">Julien Gracq</mxc:subfield>      <mxc:subfield code="v">7</mxc:subfield>   </mxc:datafield>   <mxc:datafield tag="600" ind1=" " ind2=" ">      <mxc:subfield code="3">11905630</mxc:subfield>      <mxc:subfield code="a">Gracq</mxc:subfield>      <mxc:subfield code="m">Julien</mxc:subfield>      <mxc:subfield code="d">1910-2007</mxc:subfield>      <mxc:subfield code="3">12042895</mxc:subfield>      <mxc:subfield code="x">Critique et interprétation</mxc:subfield>   </mxc:datafield>   <mxc:datafield tag="676" ind1=" " ind2=" ">      <mxc:subfield code="3">13590553</mxc:subfield>      <mxc:subfield code="i">843.91</mxc:subfield>      <mxc:subfield code="g">critique</mxc:subfield>      <mxc:subfield code="v">23</mxc:subfield>      <mxc:subfield code="a">Roman de langue française - 1900-1999 [critique]</mxc:subfield>   </mxc:datafield>   <mxc:datafield tag="680" ind1="0" ind2=" ">      <mxc:subfield code="a">800</mxc:subfield>      <mxc:subfield code="b">800</mxc:subfield>   </mxc:datafield>   <mxc:datafield tag="700" ind1=" " ind2=" ">      <mxc:subfield code="3">12333755</mxc:subfield>      <mxc:subfield code="1">ISNI0000000108705142</mxc:subfield>      <mxc:subfield code="w"> 0  b.....</mxc:subfield>      <mxc:subfield code="a">Marot</mxc:subfield>      <mxc:subfield code="m">Patrick</mxc:subfield>      <mxc:subfield code="d">1955-....</mxc:subfield>      <mxc:subfield code="4">0360</mxc:subfield>   </mxc:datafield>   <mxc:datafield tag="700" ind1=" " ind2=" ">      <mxc:subfield code="3">12563400</mxc:subfield>      <mxc:subfield code="1">ISNI0000000046173346</mxc:subfield>      <mxc:subfield code="w"> 0 1b.....</mxc:subfield>      <mxc:subfield code="a">Vignes</mxc:subfield>      <mxc:subfield code="m">Sylvie</mxc:subfield>      <mxc:subfield code="d">1960-....</mxc:subfield>      <mxc:subfield code="4">0360</mxc:subfield>   </mxc:datafield>
</mxc:record>      </srw:recordData>
<srw:recordIdentifier>ark:/12148/cb46933615w</srw:recordIdentifier>
<srw:recordPosition>26</srw:recordPosition>
<srw:extraRecordData>
<ixm:attr name="CreationDate">20211220</ixm:attr>
<ixm:attr name="LastModificationDate">20220126</ixm:attr>
<mn:score>12.257021</mn:score>
</srw:extraRecordData>
</srw:record>