
<srw:record>
<srw:recordSchema>marcxchange</srw:recordSchema>
<srw:recordPacking>xml</srw:recordPacking>
<srw:recordData>
<mxc:record xmlns:mxc="info:lc/xmlns/marcxchange-v2" format="INTERMARC" id="ark:/12148/cb414344093" type="Bibliographic">   <mxc:leader>00865c0 m 2200027   45h </mxc:leader>   <mxc:controlfield tag="001">FRBNF414344090000003</mxc:controlfield>   <mxc:controlfield tag="003">http://catalogue.bnf.fr/ark:/12148/cb414344093</mxc:controlfield>   <mxc:controlfield tag="008">090224s 2009                 frfre     b  001 </mxc:controlfield>   <mxc:controlfield tag="009">hi  d     1       2co   x rk</mxc:controlfield>   <mxc:datafield tag="015" ind1=" " ind2=" ">      <mxc:subfield code="a">70906049</mxc:subfield>      <mxc:subfield code="d">20090101</mxc:subfield>   </mxc:datafield>   <mxc:datafield tag="028" ind1=" " ind2=" ">      <mxc:subfield code="a">856</mxc:subfield>      <mxc:subfield code="e">BPI</mxc:subfield>   </mxc:datafield>   <mxc:datafield tag="044" ind1=" " ind2=" ">      <mxc:subfield code="g">b20090224</mxc:subfield>      <mxc:subfield code="f">b1995</mxc:subfield>   </mxc:datafield>   <mxc:datafield tag="050" ind1=" " ind2=" ">      <mxc:subfield code="a">h09</mxc:subfield>   </mxc:datafield>   <mxc:datafield tag="051" ind1=" " ind2=" ">      <mxc:subfield code="a">tdi</mxc:subfield>      <mxc:subfield code="b">v</mxc:subfield>   </mxc:datafield>   <mxc:datafield tag="245" ind1="1" ind2=" ">      <mxc:subfield code="a">Julien Gracq</mxc:subfield>      <mxc:subfield code="d">Images animées</mxc:subfield>      <mxc:subfield code="e">la chanson du guetteur</mxc:subfield>      <mxc:subfield code="f">Michel Mitrani, réal., interview.</mxc:subfield>      <mxc:subfield code="g">Julien Gracq, participant</mxc:subfield>   </mxc:datafield>   <mxc:datafield tag="260" ind1=" " ind2=" ">      <mxc:subfield code="a">[Paris]</mxc:subfield>      <mxc:subfield code="c">Bibliothèque publique d'information [distrib.]</mxc:subfield>      <mxc:subfield code="d">[DL 2009]</mxc:subfield>   </mxc:datafield>   <mxc:datafield tag="280" ind1=" " ind2=" ">      <mxc:subfield code="a">1 DVD vidéo monoface toutes zones (55 min)</mxc:subfield>      <mxc:subfield code="c">4/3, coul. (PAL), son.</mxc:subfield>   </mxc:datafield>   <mxc:datafield tag="295" ind1="1" ind2=" ">      <mxc:subfield code="a">Un siècle d'écrivains</mxc:subfield>   </mxc:datafield>   <mxc:datafield tag="352" ind1=" " ind2="3">      <mxc:subfield code="a">Cop. : INA : France 3, 1995</mxc:subfield>   </mxc:datafield>   <mxc:datafield tag="600" ind1=" " ind2=" ">      <mxc:subfield code="3">11905630</mxc:subfield>      <mxc:subfield code="a">Gracq</mxc:subfield>      <mxc:subfield code="m">Julien</mxc:subfield>      <mxc:subfield code="d">1910-2007</mxc:subfield>   </mxc:datafield>   <mxc:datafield tag="640" ind1="1" ind2=" ">      <mxc:subfield code="b">11400</mxc:subfield>   </mxc:datafield>   <mxc:datafield tag="645" ind1="1" ind2=" ">      <mxc:subfield code="a">1103</mxc:subfield>      <mxc:subfield code="d">1419</mxc:subfield>   </mxc:datafield>   <mxc:datafield tag="676" ind1=" " ind2=" ">      <mxc:subfield code="3">13590553</mxc:subfield>      <mxc:subfield code="i">843.91</mxc:subfield>      <mxc:subfield code="g">critique</mxc:subfield>      <mxc:subfield code="v">23</mxc:subfield>      <mxc:subfield code="a">Roman de langue française - 1900-1999 [critique]</mxc:subfield>   </mxc:datafield>   <mxc:datafield tag="680" ind1="7" ind2=" ">      <mxc:subfield code="a">204</mxc:subfield>      <mxc:subfield code="g">204</mxc:subfield>   </mxc:datafield>   <mxc:datafield tag="700" ind1=" " ind2=" ">      <mxc:subfield code="3">12472497</mxc:subfield>      <mxc:subfield code="1">ISNI0000000077296285</mxc:subfield>      <mxc:subfield code="w">.0..b.....</mxc:subfield>      <mxc:subfield code="a">Mitrani</mxc:subfield>      <mxc:subfield code="m">Michel</mxc:subfield>      <mxc:subfield code="d">1930-1996</mxc:subfield>      <mxc:subfield code="4">0610</mxc:subfield>      <mxc:subfield code="4">0450</mxc:subfield>   </mxc:datafield>   <mxc:datafield tag="703" ind1=" " ind2=" ">      <mxc:subfield code="3">11905630</mxc:subfield>      <mxc:subfield code="1">ISNI0000000121434842</mxc:subfield>      <mxc:subfield code="w">.0.2b.....</mxc:subfield>      <mxc:subfield code="a">Gracq</mxc:subfield>      <mxc:subfield code="m">Julien</mxc:subfield>      <mxc:subfield code="d">1910-2007</mxc:subfield>      <mxc:subfield code="4">0920</mxc:subfield>   </mxc:datafield>
</mxc:record>      </srw:recordData>
<srw:recordIdentifier>ark:/12148/cb414344093</srw:recordIdentifier>
<srw:recordPosition>28</srw:recordPosition>
<srw:extraRecordData>
<ixm:attr name="CreationDate">20090224</ixm:attr>
<ixm:attr name="LastModificationDate">20260414</ixm:attr>
<mn:score>12.257021</mn:score>
</srw:extraRecordData>
</srw:record>