
<srw:record>
<srw:recordSchema>marcxchange</srw:recordSchema>
<srw:recordPacking>xml</srw:recordPacking>
<srw:recordData>
<mxc:record xmlns:mxc="info:lc/xmlns/marcxchange-v2" format="INTERMARC" id="ark:/12148/cb37622341p" type="Bibliographic">   <mxc:leader>01663c0 m 2200027   45a </mxc:leader>   <mxc:controlfield tag="001">FRBNF376223410000008</mxc:controlfield>   <mxc:controlfield tag="003">http://catalogue.bnf.fr/ark:/12148/cb37622341p</mxc:controlfield>   <mxc:controlfield tag="008">000620s 2000        .... ....frfre1    b  001 </mxc:controlfield>   <mxc:controlfield tag="009">ax d       a       </mxc:controlfield>   <mxc:datafield tag="015" ind1=" " ind2=" ">      <mxc:subfield code="a">00126629</mxc:subfield>      <mxc:subfield code="d">20010101</mxc:subfield>   </mxc:datafield>   <mxc:datafield tag="020" ind1=" " ind2=" ">      <mxc:subfield code="a">2-911127-75-7</mxc:subfield>      <mxc:subfield code="b">br.</mxc:subfield>      <mxc:subfield code="d">45 F</mxc:subfield>   </mxc:datafield>   <mxc:datafield tag="038" ind1=" " ind2=" ">      <mxc:subfield code="a">9782911127755</mxc:subfield>      <mxc:subfield code="2">ALS</mxc:subfield>   </mxc:datafield>   <mxc:datafield tag="051" ind1=" " ind2=" ">      <mxc:subfield code="a">txt</mxc:subfield>      <mxc:subfield code="a">sti</mxc:subfield>      <mxc:subfield code="b">n</mxc:subfield>   </mxc:datafield>   <mxc:datafield tag="110" ind1=" " ind2=" ">      <mxc:subfield code="3">13618032</mxc:subfield>      <mxc:subfield code="1">ISNI000000012191570X</mxc:subfield>      <mxc:subfield code="w">.0..b.....</mxc:subfield>      <mxc:subfield code="a">France</mxc:subfield>      <mxc:subfield code="b">Direction de la coopération culturelle et du français</mxc:subfield>      <mxc:subfield code="b">Division de l'écrit et des médiathèques</mxc:subfield>      <mxc:subfield code="4">0070</mxc:subfield>   </mxc:datafield>   <mxc:datafield tag="245" ind1="1" ind2=" ">      <mxc:subfield code="a">"Je voulais pour l'ensemble du nom et du prénom, un total de trois syllabes", Julien Gracq</mxc:subfield>      <mxc:subfield code="d">Texte imprimé</mxc:subfield>      <mxc:subfield code="f">[Ministère des affaires étrangères, Direction générale de la coopération internationale et du développement, Direction de la coopération culturelle et du français, Division de l'écrit et des médiathèques]</mxc:subfield>      <mxc:subfield code="g">[réd. par Michel Murat]</mxc:subfield>   </mxc:datafield>   <mxc:datafield tag="260" ind1=" " ind2=" ">      <mxc:subfield code="a">Paris</mxc:subfield>      <mxc:subfield code="c">ADPF</mxc:subfield>      <mxc:subfield code="c">Ministère des affaires étrangères</mxc:subfield>      <mxc:subfield code="d">2000</mxc:subfield>   </mxc:datafield>   <mxc:datafield tag="270" ind1=" " ind2=" ">      <mxc:subfield code="a">38-Grenoble</mxc:subfield>      <mxc:subfield code="c">Impr. Cent Pages</mxc:subfield>   </mxc:datafield>   <mxc:datafield tag="280" ind1=" " ind2=" ">      <mxc:subfield code="a">75 p.</mxc:subfield>      <mxc:subfield code="c">ill.</mxc:subfield>      <mxc:subfield code="d">25 cm</mxc:subfield>   </mxc:datafield>   <mxc:datafield tag="300" ind1=" " ind2=" ">      <mxc:subfield code="a">Notice réd. d'après la couv.</mxc:subfield>      <mxc:subfield code="a">Bibliogr. p. 71-75</mxc:subfield>   </mxc:datafield>   <mxc:datafield tag="369" ind1=" " ind2=" ">      <mxc:subfield code="a">Scolaire - Primaire</mxc:subfield>      <mxc:subfield code="2">Electre</mxc:subfield>   </mxc:datafield>   <mxc:datafield tag="600" ind1=" " ind2=" ">      <mxc:subfield code="3">11905630</mxc:subfield>      <mxc:subfield code="a">Gracq</mxc:subfield>      <mxc:subfield code="m">Julien</mxc:subfield>      <mxc:subfield code="d">1910-2007</mxc:subfield>      <mxc:subfield code="3">12042895</mxc:subfield>      <mxc:subfield code="x">Critique et interprétation</mxc:subfield>   </mxc:datafield>   <mxc:datafield tag="619" ind1=" " ind2="0">      <mxc:subfield code="a">Gracq</mxc:subfield>      <mxc:subfield code="m">Julien</mxc:subfield>      <mxc:subfield code="e">1910-....</mxc:subfield>      <mxc:subfield code="x">critique et interprétation</mxc:subfield>      <mxc:subfield code="2">ALS</mxc:subfield>   </mxc:datafield>   <mxc:datafield tag="676" ind1=" " ind2=" ">      <mxc:subfield code="3">13590553</mxc:subfield>      <mxc:subfield code="i">843.91</mxc:subfield>      <mxc:subfield code="g">critique</mxc:subfield>      <mxc:subfield code="v">23</mxc:subfield>   </mxc:datafield>   <mxc:datafield tag="680" ind1="0" ind2=" ">      <mxc:subfield code="a">820</mxc:subfield>   </mxc:datafield>   <mxc:datafield tag="690" ind1=" " ind2=" ">      <mxc:subfield code="a">UnivJeun0</mxc:subfield>   </mxc:datafield>   <mxc:datafield tag="700" ind1=" " ind2=" ">      <mxc:subfield code="3">12092734</mxc:subfield>      <mxc:subfield code="1">ISNI0000000109136519</mxc:subfield>      <mxc:subfield code="w">.0..b.....</mxc:subfield>      <mxc:subfield code="a">Murat</mxc:subfield>      <mxc:subfield code="m">Michel</mxc:subfield>      <mxc:subfield code="d">1950-....</mxc:subfield>      <mxc:subfield code="4">0620</mxc:subfield>   </mxc:datafield>   <mxc:datafield tag="750" ind1=" " ind2=" ">      <mxc:subfield code="a">Julien Gracq</mxc:subfield>   </mxc:datafield>   <mxc:datafield tag="830" ind1=" " ind2=" ">      <mxc:subfield code="a">Après une chronologie de la vie et de l'oeuvre de Julien Gracq, ce livret présente une analyse des différents ouvrages de l'écrivain. Iconographie et importante bibliographie. Accompagne l'exposition réalisée par l'ADPF.</mxc:subfield>      <mxc:subfield code="2">Electre</mxc:subfield>   </mxc:datafield>   <mxc:datafield tag="833" ind1=" " ind2=" ">      <mxc:subfield code="l">JnRefer</mxc:subfield>   </mxc:datafield>   <mxc:datafield tag="917" ind1=" " ind2=" ">      <mxc:subfield code="o">OPL</mxc:subfield>      <mxc:subfield code="a">025462840</mxc:subfield>   </mxc:datafield>   <mxc:datafield tag="919" ind1=" " ind2=" ">      <mxc:subfield code="p">FR</mxc:subfield>      <mxc:subfield code="o">Electre</mxc:subfield>      <mxc:subfield code="a">2000210422</mxc:subfield>   </mxc:datafield>   <mxc:datafield tag="919" ind1=" " ind2=" ">      <mxc:subfield code="p">FR</mxc:subfield>      <mxc:subfield code="o">JPL</mxc:subfield>      <mxc:subfield code="a">RETRO0004224900</mxc:subfield>   </mxc:datafield>   <mxc:datafield tag="990" ind1=" " ind2=" ">      <mxc:subfield code="b">DER</mxc:subfield>      <mxc:subfield code="c">Différence(s) secondaire(s) : collection, pagination</mxc:subfield>      <mxc:subfield code="e">JPL_RETRO</mxc:subfield>   </mxc:datafield>   <mxc:datafield tag="998" ind1=" " ind2=" ">      <mxc:subfield code="o">ALS</mxc:subfield>      <mxc:subfield code="a">0320040</mxc:subfield>   </mxc:datafield>
</mxc:record>      </srw:recordData>
<srw:recordIdentifier>ark:/12148/cb37622341p</srw:recordIdentifier>
<srw:recordPosition>30</srw:recordPosition>
<srw:extraRecordData>
<ixm:attr name="CreationDate">20000620</ixm:attr>
<ixm:attr name="LastModificationDate">20151020</ixm:attr>
<mn:score>12.134567</mn:score>
</srw:extraRecordData>
</srw:record>
</srw:records>
<srw:nextRecordPosition>31</srw:nextRecordPosition>
</srw:searchRetrieveResponse>
